2574 4710
234 367 614 431 LlVTPlllellLEGES
635 370 729 430 ANNI
770 370 856 436 XIX.
878 370 959 438 CAP.
984 371 1056 440 1211.Ι
1138 377 1197 440 135

88 552 171 614 darc
197 551 268 614 talis
295 551 494 630 fidiussores,
527 554 581 634 qui
601 553 738 617 habeant
764 555 1069 634 undepcrsoluant,
1104 559 1201 639 quod:

91 654 219 715 deuitor
244 655 320 716 dare
348 654 468 731 debuit3
500 655 526 718 si
554 664 631 718 nero
660 654 792 736 amplius
821 655 999 720 dilatauerit
1025 658 1066 720 a'd
1102 659 1199 720 fide--

89 753 222 818 iusseris
244 756 395 832 dandum,
418 757 497 818 sicut
518 742 611 818 antea
632 757 809 829 statuimus,
832 759 877 818 sic
898 769 1062 838 conponat.

178 857 352 923 12axJ11.
392 857 648 920 lnteruenientem
676 859 875 922 uanissimam
903 867 933 920 et
955 861 1197 940 superstitiosa

95 959 274 1039 nel-cupida
295 959 473 1022 soasionem
494 968 525 1022 et
545 960 779 1040 peruersionem
800 961 944 1041 apparuit
963 963 1058 1024 modo
1079 962 1111 1022 in
1129 962 1178 1025 his

94 1061 296 1140 temporibus,
325 1062 396 1140 quia
417 1060 538 1124 inlecita
558 1062 649 1125 nobis
671 1063 720 1124 uel
739 1065 857 1124 cunctis
887 1063 1001 1126 nostris
1022 1063 1196 1126 iudicibus·

93 1163 266 1224 coniunctio
288 1181 358 1224 esse
379 1163 494 1242 paruit,
517 1164 663 1245 quoniam
677 1163 780 1226 adulte
803 1171 833 1226 et
853 1165 915 1224 iam
936 1173 1056 1226 mature
1072 1172 1175 1227 aetate

91 1265 203 1325 lemine
232 1265 420 1344 copulabant
445 1265 511 1327 sibe
537 1265 683 1346 puerolds
710 1266 858 1346 paruolds
891 1273 922 1326 et
949 1266 1030 1328 iutra
1059 1274 1175 1349 etatem

90 1364 264 1446 legetimam
286 1372 318 1428 et
338 1365 493 1439 dicebant,
516 1368 600 1447 quod
621 1367 669 1428 uir
690 1367 755 1429 eins
777 1367 935 1448 legetimus
959 1386 1028 1431 esse
1043 1368 1172 1442 eleuarit,

89 1486 158 1529 cum
182 1466 294 1528 adhuc
324 1452 361 1530 se
394 1488 464 1530 cum
494 1469 562 1549 ipsa
590 1469 726 1532 'ndscere
751 1469 884 1552 menime
913 1470 1032 1535 ualerit.
1085 1469 1172 1531 Nunc

91 1564 193 1649 itaque
208 1576 345 1631 statuere
360 1570 559 1651 prouidimus,
580 1578 615 1632 ut
636 1571 720 1632 nulla
735 1571 850 1632 amodo
863 1571 978 1631 femina
991 1572 1053 1633 hoc
1067 1572 1170 1633 facere

87 1676 262 1751 presumat,
283 1670 342 1734 nisi
364 1674 390 1735 si
404 1680 494 1753 pater
512 1680 566 1734 aut
579 1692 656 1735 auus
671 1672 759 1752 pueri
774 1691 844 1733 cum
857 1670 1018 1751 legetimds
1032 1674 1170 1754 parentis

84 1772 186 1855 puelle
217 1773 280 1833 hoc
307 1773 410 1836 facere
439 1774 616 1854 prouiderit.
669 1774 748 1835 Nam
776 1775 801 1842 si
828 1793 906 1854 puer
936 1782 1009 1853 post
1037 1783 1169 1836 mortem

80 1875 181 1954 patris
205 1882 260 1935 aut
280 1876 330 1936 aui
352 1877 400 1937 sui
420 1876 500 1938 intra
523 1870 634 1958 etatem
662 1875 859 1949 remanserit,
890 1883 919 1936 et
942 1876 969 1936 ei
991 1895 1026 1938 se
1047 1875 1168 1956 qualis-

82 1996 220 2056 cumque
250 1977 386 2055 fcmina,
426 1986 593 2057 antequam
625 1978 692 2056 ipse
722 1996 800 2057 puer
832 1976 1049 2038 terciodecimo
1082 1997 1166 2040 auno

82 2077 247 2158 conpleat,
281 2079 428 2159 copolare
455 2082 699 2159 presumpserit,
732 2078 861 2139 dicende
898 2078 981 2156 quod
1012 2077 1164 2158 legitimus

85 2180 214 2242 maritus
235 2180 303 2241 eius
317 2199 386 2242 csse
402 2181 528 2252 debeat,
548 2181 638 2242 inrita
660 2180 699 2242 sit
718 2179 787 2259 ipsa
809 2171 993 2251 coniunctio,¹
1016 2187 1047 2240 et
1066 2197 1165 2259 sepa-

83 2290 190 2344 rentur
210 2284 251 2343 ab
272 2282 413 2347 inuicem.
456 2283 581 2344 Femina
602 2301 679 2343 nero
700 2281 768 2362 ipsa
789 2287 964 2341 reuertatur
978 2299 1078 2343 uacua
1093 2299 1164 2341 cum
1229 2316 1232 2320 ⁴

87 2385 286 2465 obproprium
313 2403 409 2446 suum
436 2392 466 2446 et
492 2404 555 2444 nou
582 2384 698 2445 habeat
724 2390 912 2463 potestatem
941 2381 1002 2443 alio
1031 2385 1099 2443 uiro
1129 2400 1164 2444 se

84 2487 246 2566 copolare,
275 2486 348 2549 dum
369 2486 437 2565 ipse
457 2486 605 2566 puerolns
627 2486 667 2548 ad
694 2492 827 2546 aetatem
855 2483 1063 2565 suprascripta
1085 2502 1163 2564 per-

82 2589 214 2662 uenerit,
249 2587 402 2668 squidem
430 2588 499 2668 ipsa
523 2588 640 2668 inpleta
668 2592 781 2668 etatem
809 2604 886 2665 puer
911 2583 979 2664 ipse
1007 2585 1064 2646 sibi
1091 2603 1161 2646 eam

79 2709 214 2752 exorem
226 2689 344 2750 habere
359 2689 505 2764 uoluerit,
526 2690 642 2751 habeat
656 2688 824 2760 licentiam,
847 2696 877 2749 et
892 2687 918 2748 si
933 2706 1003 2749 eam
1017 2687 1159 2761 noluerit,

77 2791 168 2853 tollat
188 2791 247 2854 sibi
273 2809 403 2852 exorem
430 2790 521 2851 aliam
544 2792 666 2872 qualem
691 2790 823 2851 uoluerit
848 2797 902 2851 aut
921 2789 1064 2869 potuerit.
1106 2789 1162 2851 llla

77 2912 171 2966 uero,
204 2892 231 2954 si
252 2893 292 2953 ad
319 2892 412 2952 alium
440 2892 584 2954 maritum
611 2893 827 2966 ambolauerit,
861 2899 892 2953 et
918 2892 985 2971 ipse
1013 2890 1159 2972 puerolns

75 3014 147 3056 cam
170 2995 288 3056 habere
310 2994 456 3066 noluerit,
483 3013 547 3054 non
569 2995 596 3055 ei
618 2994 717 3074 possit
737 2994 784 3054 uir
812 3014 886 3055 snus
909 2993 961 3073 qui
982 3010 1051 3053 eam
1072 2992 1159 3066 tollit,

76 3097 209 3176 pleniter
223 3094 331 3157 metfio
354 3095 444 3166 dare,
467 3095 545 3157 sicut
566 3096 605 3156 ad
628 3095 721 3156 aliam
735 3095 883 3175 puellam,
906 3095 961 3156 sed
976 3095 1158 3156 tantumodo

75 3198 311 3269 mediaetatem,
345 3197 422 3258 sicut
449 3196 493 3256 ad.
518 3195 642 3259 uiduam
669 3197 829 3258 mulierem
856 3196 955 3280 [nort.
978 3197 1047 3261 182.
1076 3194 1157 3279 183}

73 3299 135 3372 Qui
159 3319 267 3362 uerum
294 3318 425 3378 puerum
452 3298 552 3377 ipsum
575 3299 720 3372 suaserit,
740 3299 815 3360 sibe
842 3297 978 3377 parentis
1000 3296 1065 3358 eius
1087 3296 1156 3369 sint,

73 3402 142 3464 sibe
165 3409 328 3463 extraneus
350 3399 460 3472 homo,
488 3408 642 3480 conponat
663 3401 780 3463 solidds
802 3408 938 3472 centum,
960 3398 1157 3460 medietatem

73 3503 139 3584 regi
162 3510 193 3564 et
213 3502 408 3563 medietatem
431 3502 470 3562 ad
490 3502 592 3581 ipsum
612 3501 784 3583 puerolum.
861 3568 864 3572 ,

413 3603 544 3684 Explicit
564 3607 603 3666 de
624 3623 706 3666 anno
728 3603 813 3669 xlx,

134 3822 275 3886 INClPlT
295 3825 348 3884 DE
368 3823 476 3885 ANNO
498 3821 683 3884 VlCESlMO
704 3822 827 3884 PRIMO
849 3822 890 3908 (p.
915 3824 985 3887 etr.
1007 3820 1088 3906 733).

158 4010 227 4075 130.
249 4008 273 4075 l.
317 4008 348 4070 Si
376 4010 444 4087 quis
473 4008 585 4070 dixerit
610 4008 729 4089 coniugi
758 4027 833 4071 suae
861 4008 975 4068 malam
1002 4003 1156 4066 licentiam

73 4109 227 4172 dandum:
251 4099 353 4187 ,Quia
374 4111 468 4183 uade,
490 4113 673 4191 cnmgumbe
694 4131 761 4172 cum
787 4111 880 4172 talem
894 4108 1083 4202 hominem‘g
1106 4113 1159 4168 aut

73 4212 99 4273 si
122 4210 234 4274 dixerit
255 4213 295 4274 ad
317 4212 489 4274 hominem:
523 4213 674 4286 „Veniet
698 4213 841 4274 laecum
870 4210 1028 4272 mulierem
1056 4228 1156 4274 meam
