2574 4710
219 109 456 171 LIVTPRANDI
476 109 601 171 LEGES
622 109 717 171 ANNI
738 109 817 175 VIII.
840 110 922 175 CAP.
947 114 994 175 15.
1123 113 1174 194 91Ἰ

62 300 161 374 nupto
183 293 296 355 tradita
320 302 386 365 est,
416 302 488 354 tunc
509 293 561 355 ille
585 295 612 355 ei
635 295 797 365 succedat,
822 295 873 375 qui
896 314 966 356 eam
987 314 1045 374 per
1067 315 1162 355 mun-

10 476 12 481 ·
61 395 147 457 dium
171 415 262 458 suam
283 395 364 460 fecit.
588 399 590 402 ’

10 494 14 501 ’
147 497 180 558 Si
210 505 315 559 autem
346 497 581 577 qualiscumque
608 517 722 561 causae
753 498 868 559 amodo
904 507 1095 560 emerserent
1122 500 1161 559 de

62 597 112 661 bis
128 599 282 679 capitulis,
306 618 386 679 quae
408 619 491 661 nunc
513 599 696 661 excellentia
716 584 826 661 nostra
849 601 964 672 statuit,
989 600 1161 681 apresenti

64 701 133 763 diae
154 700 361 762 kalendarum
383 701 575 774 martiarum,
597 702 659 762 hoc
681 709 728 762 est
744 701 971 780 quintadecima
992 702 1160 764 indictione

63 809 96 863 et
115 820 200 864 anno
223 802 311 884 regni
333 803 432 866 nostri
452 803 483 863 in
512 803 562 864 dei
589 803 714 864 nomine
738 803 862 882 quinto,
896 803 1039 865 uolumus
1062 813 1095 864 ut
1116 805 1161 866 sie

64 903 283 977 terminentur,
312 905 391 966 sicut
413 905 563 967 celsitudo
586 912 695 967 nostra
717 924 787 965 cum
808 904 957 966 iudicibus
981 913 1011 968 et
1032 905 1159 985 reliquis

62 1005 265 1086 langobardis
289 1006 438 1080 decreuit,
467 1015 500 1069 ut
528 1027 624 1086 supra
651 1007 803 1087 leguntur.
855 1006 944 1078 Quae
965 1026 1042 1067 uero
1066 1015 1158 1069 antea

61 1107 101 1168 de
122 1107 238 1169 talibus
261 1108 403 1188 capitulis
426 1118 653 1191 prouenerunt,
684 1118 714 1171 et
734 1109 798 1169 iam
818 1108 926 1171 finitae
948 1117 1002 1169 aut
1022 1117 1158 1170 statutae

60 1217 147 1283 sunt,
169 1209 214 1272 sic
236 1219 456 1292 permaneant,
480 1211 557 1273 sicut
577 1213 662 1291 prius
684 1218 910 1291 cognuscuntur
932 1229 1001 1272 esse
1024 1211 1156 1274 decisae.

390 1313 524 1393 Explicit
546 1315 584 1374 de
607 1333 690 1375 anno
714 1313 831 1392 quinto.

214 1550 355 1614 INCIPIT
376 1552 429 1611 DE
451 1551 560 1612 ANNO
583 1552 742 1614 OCTABO
766 1552 808 1637 (p.
833 1553 904 1617 car.
927 1552 1009 1634 720).

144 1706 211 1788 Ego
241 1706 272 1767 in
300 1708 349 1768 dei
377 1708 596 1788 omnipotentis
624 1707 749 1768 nomine
778 1706 1051 1768 excellentissimus
1081 1707 1157 1768 liut-
1196 1706 1198 1710 ’

56 1809 162 1890 prand
184 1828 241 1870 rex
262 1809 451 1871 filicissimae
473 1810 572 1890 gentis
594 1808 870 1889 langobardorum,
894 1827 976 1868 anno
1001 1809 1060 1869 deo
1075 1828 1157 1888 pro-

58 1911 137 1990 pitio
152 1911 241 1991 regui
255 1911 316 1970 mei
332 1913 456 1983 octabo,
473 1911 542 1971 diae
556 1910 762 1976 kalendarum
777 1910 968 1982 martiarum,
988 1909 1155 1971 indictione

56 2011 166 2086 tertia,
194 2033 257 2074 una
280 2032 350 2073 cum
372 2012 552 2074 inlustribus
574 2012 656 2074 ueris
678 2012 877 2073 obtimatibus
900 2011 977 2072 meis
999 2010 1155 2071 neustriae

60 2114 251 2177 austriaeet
280 2114 397 2176 tusciae
418 2115 574 2194 partibus,
605 2114 655 2175 uel
681 2113 832 2175 uniuersis
862 2112 1017 2174 nobilibus
1039 2112 1155 2192 lango-

59 2217 176 2290 bardis,
200 2217 275 2277 dum
298 2215 429 2296 singola,
453 2217 585 2296 quaein
609 2216 816 2278 anterioribus
839 2215 932 2277 titulis
955 2215 1046 2276 huius
1063 2215 1155 2275 edicti

55 2317 217 2396 leguntur,
241 2318 401 2380 studiosae
423 2318 482 2378 hac
505 2319 656 2381 subtiliter
677 2325 977 2397 perscrutassemus,
1006 2316 1155 2379 asistente

55 2418 145 2479 omni
165 2420 294 2498 populo,
316 2427 503 2499 presentem,
527 2439 620 2500 quam
643 2439 788 2500 sequens·
801 2439 905 2481 sermo
925 2420 1154 2490 monstrauerit,

54 2522 177 2595 addere
199 2521 354 2583 elucidare
376 2523 443 2584 sibe
465 2530 602 2584 statuere
624 2522 822 2602 preuidemus
844 2522 956 2602 legem.

146 2622 240 2687 15.1.
285 2622 479 2704 Quicumque
500 2624 598 2684 borno
628 2628 684 2686 sub
707 2625 795 2705 regni
822 2624 921 2686 nostri
944 2624 1064 2685 dicione
1086 2623 1154 2683 cui-

53 2743 194 2804 cumque
227 2727 342 2786 amodo
372 2727 487 2787 uuadia
510 2726 630 2786 dederit
657 2734 687 2786 et
708 2725 893 2788 fideiussore
915 2725 1057 2805 posuerit
1077 2745 1154 2804 pre-

54 2826 159 2888 sentIa
188 2827 322 2888 duorum
352 2829 402 2888 uel
431 2828 522 2890 trium
549 2828 688 2898 testium,
719 2848 853 2907 quorum
884 2827 964 2889 fides
995 2827 1153 2899 amittitur,

55 2928 89 2988 in
112 2929 257 2991 omnibus
281 2930 427 3009 conplere
449 2929 571 2992 debeat.
620 2929 658 2990 Et
686 2929 712 2990 si
740 2929 892 2991 distolerit
917 2937 947 2989 et
975 2929 1153 3008 pigneratus

55 3029 150 3093 luerit
172 3031 204 3091 in
225 3031 274 3093 his
302 3034 395 3093 rebus
424 3031 454 3091 in
478 3029 588 3108 quibus
616 3028 741 3090 lecitum
768 3039 816 3092 est
837 3029 1037 3109 pignerandi,
1069 3028 1154 3090 nulla

51 3132 214 3194 calomnia
231 3134 282 3212 qui
297 3131 508 3214 pignerauerit
521 3131 666 3210 patiatur.
697 3132 776 3194 Nam
799 3118 937 3211 quisine
958 3129 1018 3191 hac
1041 3149 1154 3190 mane-

52 3235 256 3298 festatiouem
278 3236 443 3315 pignerare
458 3233 690 3314 presumpserit,
713 3234 854 3294 iouemus
877 3239 910 3293 ut
931 3230 1060 3292 dublum
1079 3231 1153 3312 pig-

52 3357 133 3398 num
163 3335 314 3400 restituat.
372 3337 403 3396 Si
432 3355 507 3396 uero
537 3336 629 3397 inter.
648 3335 834 3396 creditorem
862 3342 892 3394 et
921 3334 1093 3394 deuitorem
1123 3340 1153 3394 et

54 3438 276 3502 fidelossorem
298 3448 367 3499 orta
388 3439 481 3501 fuerit
499 3438 643 3512 intentio,
666 3438 796 3518 qualiter
816 3437 846 3496 in
871 3435 1026 3499 anteriore
1049 3434 1151 3497 edicto

54 3540 141 3625 [cop.
169 3540 245 3623 366]
275 3540 384 3620 legitur
414 3548 445 3602 et
479 3560 498 3601 a
529 3540 663 3620 gloriose
695 3539 845 3601 memorie
877 3537 1045 3598 rotharene
1079 3555 1153 3616 rege

52 3642 229 3718 instituere,
251 3661 308 3721 per
330 3649 559 3704 sacramentum
582 3642 832 3705 determinentur.
875 3640 954 3701 Nam
977 3637 1003 3700 si
1024 3638 1056 3698 in
1074 3657 1152 3717 pre-

51 3743 158 3805 sentia
180 3744 316 3805 duorum
338 3743 387 3804 uel
410 3745 502 3806 trium
524 3742 647 3804 testium
674 3743 830 3823 stipolatio
851 3743 921 3822 ipsa
947 3741 1030 3803 lacta
1050 3740 1153 3814 luerit,

52 3862 168 3906 eorum
196 3845 420 3918 testimonium,
448 3854 481 3907 ut
509 3853 739 3907 sacramentum
766 3845 846 3906 inter
876 3833 984 3907 dantes
1007 3851 1044 3919 et
1066 3842 1152 3905 acci-

54 3945 179 4026 pientes
209 3947 343 4009 menime
369 3948 550 4027 proueniat,
580 3947 732 4011 credatur.
780 3947 819 4008 Et
845 3946 871 4008 si
898 3947 1067 4027 debuerent
1092 3944 1153 4026 ipsi
