<?xml version="1.0" encoding="UTF-8"?>
<!DOCTYPE html PUBLIC "-//W3C//DTD XHTML 1.0 Transitional//EN"
    "http://www.w3.org/TR/xhtml1/DTD/xhtml1-transitional.dtd">
<html xmlns="http://www.w3.org/1999/xhtml" xml:lang="en" lang="en">
 <head>
  <title>
</title>
<meta http-equiv="Content-Type" content="text/html;charset=utf-8" />
  <meta name='ocr-system' content='tesseract 3.04.00' />
  <meta name='ocr-capabilities' content='ocr_page ocr_carea ocr_par ocr_line ocrx_word'/>
</head>
<body>
  <div class='ocr_page' id='page_1' title='image "./edictusceteraeq00bluhgoog_0085.png"; bbox 0 0 2574 4710; ppageno 0'>
   <div class='ocr_carea' id='block_1_1' title="bbox 409 368 1148 438">
    <p class='ocr_par' dir='ltr' id='par_1_1' title="bbox 409 368 1148 438">
     <span class='ocr_line' id='line_1_1' title="bbox 409 368 1148 438; baseline 0.009 -7"><span class='ocrx_word' id='word_1_1' title='bbox 409 368 628 432; x_wconf 82' lang='lat' dir='ltr'><strong>GRIMVALDI</strong></span> <span class='ocrx_word' id='word_1_2' title='bbox 649 368 784 432; x_wconf 83' lang='lat' dir='ltr'><strong>LEGES.</strong></span> <span class='ocrx_word' id='word_1_3' title='bbox 816 409 818 413; x_wconf 94' lang='lat'>·</span> <span class='ocrx_word' id='word_1_4' title='bbox 1106 376 1148 438; x_wconf 88' lang='grc'>73</span> 
     </span>
    </p>
   </div>
   <div class='ocr_carea' id='block_1_2' title="bbox 45 553 1152 1351">
    <p class='ocr_par' dir='ltr' id='par_1_2' title="bbox 45 553 1151 824">
     <span class='ocr_line' id='line_1_2' title="bbox 45 553 1151 636; baseline 0.004 -22"><span class='ocrx_word' id='word_1_5' title='bbox 45 562 81 616; x_wconf 85' lang='lat' dir='ltr'>ct</span> <span class='ocrx_word' id='word_1_6' title='bbox 103 573 124 616; x_wconf 93' lang='lat' dir='ltr'>a</span> <span class='ocrx_word' id='word_1_7' title='bbox 146 562 293 634; x_wconf 80' lang='lat' dir='ltr'>presente</span> <span class='ocrx_word' id='word_1_8' title='bbox 322 554 472 636; x_wconf 70' lang='lat' dir='ltr'>trigesima</span> <span class='ocrx_word' id='word_1_9' title='bbox 499 555 635 617; x_wconf 89' lang='lat' dir='ltr'>secunda</span> <span class='ocrx_word' id='word_1_10' title='bbox 658 553 728 615; x_wconf 85' lang='lat' dir='ltr'>diac</span> <span class='ocrx_word' id='word_1_11' title='bbox 757 555 872 617; x_wconf 88' lang='lat' dir='ltr'>mensis</span> <span class='ocrx_word' id='word_1_12' title='bbox 899 555 990 618; x_wconf 91' lang='lat' dir='ltr'>huius</span> <span class='ocrx_word' id='word_1_13' title='bbox 1012 575 1151 618; x_wconf 91' lang='lat' dir='ltr'>nouem-</span> 
     </span>
     <span class='ocr_line' id='line_1_3' title="bbox 47 655 1150 738; baseline -0.001 -19"><span class='ocrx_word' id='word_1_14' title='bbox 47 657 116 720; x_wconf 86' lang='lat' dir='ltr'>hris</span> <span class='ocrx_word' id='word_1_15' title='bbox 137 655 306 719; x_wconf 80' lang='lat' dir='ltr'>indictione</span> <span class='ocrx_word' id='word_1_16' title='bbox 328 657 463 720; x_wconf 86' lang='lat' dir='ltr'>secunda</span> <span class='ocrx_word' id='word_1_17' title='bbox 489 657 633 718; x_wconf 83' lang='lat' dir='ltr'>incoatae</span> <span class='ocrx_word' id='word_1_18' title='bbox 660 664 713 718; x_wconf 87' lang='lat' dir='ltr'>aut</span> <span class='ocrx_word' id='word_1_19' title='bbox 740 665 916 719; x_wconf 86' lang='lat' dir='ltr'>commotae</span> <span class='ocrx_word' id='word_1_20' title='bbox 937 657 1064 732; x_wconf 86' lang='lat' dir='ltr'>fuerint,</span> <span class='ocrx_word' id='word_1_21' title='bbox 1092 678 1150 738; x_wconf 94' lang='lat' dir='ltr'>per</span> 
     </span>
     <span class='ocr_line' id='line_1_4' title="bbox 47 758 697 824; baseline 0.006 -4"><span class='ocrx_word' id='word_1_22' title='bbox 47 760 112 821; x_wconf 91' lang='lat' dir='ltr'>hoc</span> <span class='ocrx_word' id='word_1_23' title='bbox 135 758 271 821; x_wconf 90' lang='lat' dir='ltr'>edictum</span> <span class='ocrx_word' id='word_1_24' title='bbox 290 758 466 820; x_wconf 86' lang='lat' dir='ltr'>incidantur</span> <span class='ocrx_word' id='word_1_25' title='bbox 488 768 518 820; x_wconf 90' lang='lat' dir='ltr'>et</span> <span class='ocrx_word' id='word_1_26' title='bbox 540 758 697 824; x_wconf 84' lang='lat' dir='ltr'>finiantur.</span> 
     </span>
    </p>

    <p class='ocr_par' dir='ltr' id='par_1_3' title="bbox 50 860 1152 1351">
     <span class='ocr_line' id='line_1_5' title="bbox 137 860 1150 942; baseline 0.005 -22"><span class='ocrx_word' id='word_1_27' title='bbox 137 861 176 923; x_wconf 86' lang='lat' dir='ltr'>Et</span> <span class='ocrx_word' id='word_1_28' title='bbox 196 860 259 922; x_wconf 90' lang='lat' dir='ltr'>hoc</span> <span class='ocrx_word' id='word_1_29' title='bbox 280 861 465 942; x_wconf 79' lang='lat' dir='ltr'>generaliter</span> <span class='ocrx_word' id='word_1_30' title='bbox 488 862 598 924; x_wconf 88' lang='lat' dir='ltr'>damus</span> <span class='ocrx_word' id='word_1_31' title='bbox 624 863 656 923; x_wconf 93' lang='lat' dir='ltr'>iu</span> <span class='ocrx_word' id='word_1_32' title='bbox 679 862 848 934; x_wconf 84' lang='lat' dir='ltr'>mandatis,</span> <span class='ocrx_word' id='word_1_33' title='bbox 875 881 914 923; x_wconf 89' lang='lat' dir='ltr'>ne</span> <span class='ocrx_word' id='word_1_34' title='bbox 937 862 1041 942; x_wconf 88' lang='lat' dir='ltr'>aliqua</span> <span class='ocrx_word' id='word_1_35' title='bbox 1063 862 1150 925; x_wconf 83' lang='lat' dir='ltr'>fraus</span> 
     </span>
     <span class='ocr_line' id='line_1_6' title="bbox 51 962 1150 1045; baseline 0.002 -21"><span class='ocrx_word' id='word_1_36' title='bbox 51 963 245 1044; x_wconf 87' lang='lat' dir='ltr'>pernicium</span> <span class='ocrx_word' id='word_1_37' title='bbox 267 962 452 1043; x_wconf 91' lang='lat' dir='ltr'>scriptorum</span> <span class='ocrx_word' id='word_1_38' title='bbox 479 963 510 1024; x_wconf 92' lang='lat' dir='ltr'>in</span> <span class='ocrx_word' id='word_1_39' title='bbox 539 964 601 1025; x_wconf 90' lang='lat' dir='ltr'>hoc</span> <span class='ocrx_word' id='word_1_40' title='bbox 628 963 761 1024; x_wconf 89' lang='lat' dir='ltr'>edictum</span> <span class='ocrx_word' id='word_1_41' title='bbox 789 965 962 1025; x_wconf 85' lang='lat' dir='ltr'>adibeatur:</span> <span class='ocrx_word' id='word_1_42' title='bbox 997 965 1023 1026; x_wconf 88' lang='lat' dir='ltr'>si</span> <span class='ocrx_word' id='word_1_43' title='bbox 1046 965 1150 1045; x_wconf 92' lang='lat' dir='ltr'>aliqua</span> 
     </span>
     <span class='ocr_line' id='line_1_7' title="bbox 50 1065 1151 1147; baseline 0 -21"><span class='ocrx_word' id='word_1_44' title='bbox 50 1065 145 1126; x_wconf 78' lang='lat' dir='ltr'>fuerit</span> <span class='ocrx_word' id='word_1_45' title='bbox 166 1065 307 1138; x_wconf 88' lang='lat' dir='ltr'>intentio,</span> <span class='ocrx_word' id='word_1_46' title='bbox 329 1066 414 1127; x_wconf 86' lang='lat' dir='ltr'>nulla</span> <span class='ocrx_word' id='word_1_47' title='bbox 436 1066 497 1128; x_wconf 81' lang='lat' dir='ltr'>alia</span> <span class='ocrx_word' id='word_1_48' title='bbox 519 1066 709 1145; x_wconf 81' lang='lat' dir='ltr'>exemplaria</span> <span class='ocrx_word' id='word_1_49' title='bbox 730 1067 874 1127; x_wconf 89' lang='lat' dir='ltr'>credatur</span> <span class='ocrx_word' id='word_1_50' title='bbox 888 1074 941 1127; x_wconf 90' lang='lat' dir='ltr'>aut</span> <span class='ocrx_word' id='word_1_51' title='bbox 956 1067 1151 1147; x_wconf 77' lang='lat' dir='ltr'>suspriatur,</span> 
     </span>
     <span class='ocr_line' id='line_1_8' title="bbox 51 1155 1152 1249; baseline 0.001 -20"><span class='ocrx_word' id='word_1_52' title='bbox 51 1168 112 1230; x_wconf 91' lang='lat' dir='ltr'>nisi</span> <span class='ocrx_word' id='word_1_53' title='bbox 141 1168 227 1248; x_wconf 92' lang='lat' dir='ltr'>quod</span> <span class='ocrx_word' id='word_1_54' title='bbox 254 1187 311 1247; x_wconf 90' lang='lat' dir='ltr'>per</span> <span class='ocrx_word' id='word_1_55' title='bbox 339 1186 448 1229; x_wconf 90' lang='lat' dir='ltr'>manus</span> <span class='ocrx_word' id='word_1_56' title='bbox 478 1168 608 1229; x_wconf 88' lang='lat' dir='ltr'>ansoald</span> <span class='ocrx_word' id='word_1_57' title='bbox 635 1155 893 1230; x_wconf 82' lang='lat' dir='ltr'>notario&#39;nostro</span> <span class='ocrx_word' id='word_1_58' title='bbox 924 1169 1072 1249; x_wconf 91' lang='lat' dir='ltr'>scriptum</span> <span class='ocrx_word' id='word_1_59' title='bbox 1099 1177 1152 1230; x_wconf 88' lang='lat' dir='ltr'>aut</span> 
     </span>
     <span class='ocr_line' id='line_1_9' title="bbox 52 1269 1151 1351; baseline -0.002 -19"><span class='ocrx_word' id='word_1_60' title='bbox 52 1269 248 1351; x_wconf 87' lang='lat' dir='ltr'>recognitum</span> <span class='ocrx_word' id='word_1_61' title='bbox 271 1288 326 1331; x_wconf 89' lang='lat' dir='ltr'>seu</span> <span class='ocrx_word' id='word_1_62' title='bbox 348 1269 530 1349; x_wconf 89' lang='lat' dir='ltr'>requisitum</span> <span class='ocrx_word' id='word_1_63' title='bbox 552 1270 652 1342; x_wconf 87' lang='lat' dir='ltr'>fuerit,</span> <span class='ocrx_word' id='word_1_64' title='bbox 669 1271 720 1350; x_wconf 91' lang='lat' dir='ltr'>qui</span> <span class='ocrx_word' id='word_1_65' title='bbox 741 1289 797 1350; x_wconf 90' lang='lat' dir='ltr'>per</span> <span class='ocrx_word' id='word_1_66' title='bbox 819 1276 960 1332; x_wconf 87' lang='lat' dir='ltr'>nostram</span> <span class='ocrx_word' id='word_1_67' title='bbox 982 1270 1151 1333; x_wconf 89' lang='lat' dir='ltr'>iussionem</span> 
     </span>
    </p>
   </div>
   <div class='ocr_carea' id='block_1_3' title="bbox 53 1379 919 1523">
    <p class='ocr_par' dir='ltr' id='par_1_4' title="bbox 53 1379 919 1523">
     <span class='ocr_line' id='line_1_10' title="bbox 53 1379 919 1523; baseline 0.033 -33"><span class='ocrx_word' id='word_1_68' title='bbox 53 1379 187 1453; x_wconf 48' lang='grc' dir='ltr'>Μή·</span> <span class='ocrx_word' id='word_1_69' title='bbox 286 1455 469 1518; x_wconf 79' lang='lat' dir='ltr'>nxrurcrr</span> <span class='ocrx_word' id='word_1_70' title='bbox 490 1457 635 1518; x_wconf 85' lang='lat' dir='ltr'>nnrcro</span> <span class='ocrx_word' id='word_1_71' title='bbox 657 1456 919 1523; x_wconf 67' lang='lat' dir='ltr'>no&#39;rrmnrur.l</span> 
     </span>
    </p>
   </div>
   <div class='ocr_carea' id='block_1_4' title="bbox 328 1579 350 1620">
    <p class='ocr_par' dir='ltr' id='par_1_5' title="bbox 328 1579 350 1620">
     <span class='ocr_line' id='line_1_11' title="bbox 328 1579 350 1620; baseline 0 0"><span class='ocrx_word' id='word_1_72' title='bbox 328 1579 350 1620; x_wconf 67' lang='grc' dir='ltr'><strong>θ</strong></span> 
     </span>
    </p>
   </div>
   <div class='ocr_carea' id='block_1_5' title="bbox 55 1682 1150 1967">
    <p class='ocr_par' dir='ltr' id='par_1_6' title="bbox 55 1682 1150 1967">
     <span class='ocr_line' id='line_1_12' title="bbox 55 1682 1150 1844; baseline 0.004 -16"><span class='ocrx_word' id='word_1_73' title='bbox 55 1738 188 1829; x_wconf 79' lang='lat' dir='ltr'><strong>ITEM</strong></span> <span class='ocrx_word' id='word_1_74' title='bbox 219 1749 362 1844; x_wconf 82' lang='lat' dir='ltr'>QVOD</span> <span class='ocrx_word' id='word_1_75' title='bbox 391 1682 846 1833; x_wconf 56' lang='lat' dir='ltr'>trtttu&#39;lostsstttvs</span> <span class='ocrx_word' id='word_1_76' title='bbox 878 1750 1150 1832; x_wconf 80' lang='lat' dir='ltr'><strong>GRINIVALD</strong></span> 
     </span>
     <span class='ocr_line' id='line_1_13' title="bbox 294 1883 927 1967; baseline 0.002 -2"><span class='ocrx_word' id='word_1_77' title='bbox 294 1884 402 1966; x_wconf 81' lang='lat' dir='ltr'>REX</span> <span class='ocrx_word' id='word_1_78' title='bbox 434 1883 652 1966; x_wconf 81' lang='lat' dir='ltr'><strong>ADDIDIT</strong></span> <span class='ocrx_word' id='word_1_79' title='bbox 684 1883 927 1967; x_wconf 80' lang='lat' dir='ltr'>ulcuNS:²</span> 
     </span>
    </p>
   </div>
   <div class='ocr_carea' id='block_1_6' title="bbox 55 2097 1211 3113">
    <p class='ocr_par' dir='ltr' id='par_1_7' title="bbox 55 2097 1211 3113">
     <span class='ocr_line' id='line_1_14' title="bbox 55 2097 1155 2196; baseline -0.001 -23"><span class='ocrx_word' id='word_1_80' title='bbox 55 2097 234 2196; x_wconf 83' lang='lat' dir='ltr'>Superiore</span> <span class='ocrx_word' id='word_1_81' title='bbox 257 2114 370 2195; x_wconf 87' lang='lat' dir='ltr'>pagina</span> <span class='ocrx_word' id='word_1_82' title='bbox 392 2113 482 2174; x_wconf 90' lang='lat' dir='ltr'>huius</span> <span class='ocrx_word' id='word_1_83' title='bbox 506 2112 597 2175; x_wconf 87' lang='lat' dir='ltr'>edicti</span> <span class='ocrx_word' id='word_1_84' title='bbox 617 2114 728 2195; x_wconf 82' lang='lat' dir='ltr'>legitur</span> <span class='ocrx_word' id='word_1_85' title='bbox 749 2114 801 2185; x_wconf 86' lang='lat' dir='ltr'>ita,</span> <span class='ocrx_word' id='word_1_86' title='bbox 826 2114 909 2192; x_wconf 81' lang='lat' dir='ltr'>qnod</span> <span class='ocrx_word' id='word_1_87' title='bbox 933 2113 1036 2172; x_wconf 90' lang='lat' dir='ltr'>adhuc</span> <span class='ocrx_word' id='word_1_88' title='bbox 1051 2107 1155 2172; x_wconf 59' lang='lat' dir='ltr'>annuss</span> 
     </span>
     <span class='ocr_line' id='line_1_15' title="bbox 57 2210 1156 2294; baseline -0.005 -15"><span class='ocrx_word' id='word_1_89' title='bbox 57 2210 129 2280; x_wconf 82' lang='lat' dir='ltr'>onte</span> <span class='ocrx_word' id='word_1_90' title='bbox 151 2217 280 2279; x_wconf 90' lang='lat' dir='ltr'>domino</span> <span class='ocrx_word' id='word_1_91' title='bbox 304 2233 479 2276; x_wconf 87' lang='lat' dir='ltr'>memorare</span> <span class='ocrx_word' id='word_1_92' title='bbox 501 2215 693 2293; x_wconf 91' lang='lat' dir='ltr'>potuerimus</span> <span class='ocrx_word' id='word_1_93' title='bbox 717 2215 756 2274; x_wconf 92' lang='lat' dir='ltr'>de</span> <span class='ocrx_word' id='word_1_94' title='bbox 778 2216 913 2278; x_wconf 89' lang='lat' dir='ltr'>sincolas</span> <span class='ocrx_word' id='word_1_95' title='bbox 937 2234 1058 2290; x_wconf 85' lang='lat' dir='ltr'>causas,</span> <span class='ocrx_word' id='word_1_96' title='bbox 1075 2233 1156 2294; x_wconf 87' lang='lat' dir='ltr'>quae</span> 
     </span>
     <span class='ocr_line' id='line_1_16' title="bbox 60 2315 1156 2400; baseline -0.002 -21"><span class='ocrx_word' id='word_1_97' title='bbox 60 2321 91 2380; x_wconf 94' lang='lat' dir='ltr'>in</span> <span class='ocrx_word' id='word_1_98' title='bbox 120 2328 269 2400; x_wconf 89' lang='lat' dir='ltr'>presente</span> <span class='ocrx_word' id='word_1_99' title='bbox 301 2337 366 2378; x_wconf 88' lang='lat' dir='ltr'>non</span> <span class='ocrx_word' id='word_1_100' title='bbox 398 2323 470 2378; x_wconf 86' lang='lat' dir='ltr'>sunt</span> <span class='ocrx_word' id='word_1_101' title='bbox 503 2315 629 2390; x_wconf 85' lang='lat' dir='ltr'>adficte,</span> <span class='ocrx_word' id='word_1_102' title='bbox 662 2317 693 2376; x_wconf 88' lang='lat' dir='ltr'>in</span> <span class='ocrx_word' id='word_1_103' title='bbox 725 2316 786 2377; x_wconf 94' lang='lat' dir='ltr'>hoc</span> <span class='ocrx_word' id='word_1_104' title='bbox 819 2317 953 2379; x_wconf 89' lang='lat' dir='ltr'>edictum</span> <span class='ocrx_word' id='word_1_105' title='bbox 988 2316 1156 2397; x_wconf 83' lang='lat' dir='ltr'>adiungere</span> 
     </span>
     <span class='ocr_line' id='line_1_17' title="bbox 63 2418 1156 2501; baseline -0.005 -18"><span class='ocrx_word' id='word_1_106' title='bbox 63 2423 245 2495; x_wconf 83' lang='lat' dir='ltr'>debeamus,</span> <span class='ocrx_word' id='word_1_107' title='bbox 279 2421 323 2483; x_wconf 92' lang='lat' dir='ltr'>ita</span> <span class='ocrx_word' id='word_1_108' title='bbox 346 2428 378 2481; x_wconf 86' lang='lat' dir='ltr'>ut</span> <span class='ocrx_word' id='word_1_109' title='bbox 400 2437 513 2480; x_wconf 85' lang='lat' dir='ltr'>causae</span> <span class='ocrx_word' id='word_1_110' title='bbox 537 2437 597 2498; x_wconf 91' lang='lat' dir='ltr'>que</span> <span class='ocrx_word' id='word_1_111' title='bbox 625 2418 759 2501; x_wconf 70' lang='lat' dir='ltr'>iudicate</span> <span class='ocrx_word' id='word_1_112' title='bbox 783 2428 814 2480; x_wconf 92' lang='lat' dir='ltr'>et</span> <span class='ocrx_word' id='word_1_113' title='bbox 837 2420 950 2481; x_wconf 85' lang='lat' dir='ltr'>fenitae</span> <span class='ocrx_word' id='word_1_114' title='bbox 972 2429 1059 2495; x_wconf 88' lang='lat' dir='ltr'>sunt,</span> <span class='ocrx_word' id='word_1_115' title='bbox 1093 2440 1156 2481; x_wconf 88' lang='lat' dir='ltr'>non</span> 
     </span>
     <span class='ocr_line' id='line_1_18' title="bbox 61 2520 1155 2603; baseline -0.002 -17"><span class='ocrx_word' id='word_1_116' title='bbox 61 2525 274 2592; x_wconf 80' lang='lat' dir='ltr'>reuoluantur‚</span> <span class='ocrx_word' id='word_1_117' title='bbox 307 2522 382 2583; x_wconf 89' lang='lat' dir='ltr'>Ideo</span> <span class='ocrx_word' id='word_1_118' title='bbox 405 2540 462 2601; x_wconf 86' lang='lat' dir='ltr'>ego</span> <span class='ocrx_word' id='word_1_119' title='bbox 483 2520 532 2581; x_wconf 93' lang='lat' dir='ltr'>uir</span> <span class='ocrx_word' id='word_1_120' title='bbox 554 2520 827 2583; x_wconf 82' lang='lat' dir='ltr'>excellentissimus</span> <span class='ocrx_word' id='word_1_121' title='bbox 846 2522 1040 2602; x_wconf 82' lang='lat' dir='ltr'>grimouuald</span> <span class='ocrx_word' id='word_1_122' title='bbox 1056 2522 1155 2603; x_wconf 84' lang='lat' dir='ltr'>gentis</span> 
     </span>
     <span class='ocr_line' id='line_1_19' title="bbox 61 2622 1157 2709; baseline -0.006 -18"><span class='ocrx_word' id='word_1_123' title='bbox 61 2627 328 2709; x_wconf 80' lang='lat' dir='ltr'>langobardorum</span> <span class='ocrx_word' id='word_1_124' title='bbox 356 2643 427 2695; x_wconf 81' lang='lat' dir='ltr'>rex,</span> <span class='ocrx_word' id='word_1_125' title='bbox 469 2641 551 2683; x_wconf 88' lang='lat' dir='ltr'>armo</span> <span class='ocrx_word' id='word_1_126' title='bbox 582 2622 642 2683; x_wconf 91' lang='lat' dir='ltr'>deo</span> <span class='ocrx_word' id='word_1_127' title='bbox 676 2623 812 2702; x_wconf 90' lang='lat' dir='ltr'>propitio</span> <span class='ocrx_word' id='word_1_128' title='bbox 845 2634 934 2687; x_wconf 80' lang='lat' dir='ltr'>serto</span> <span class='ocrx_word' id='word_1_129' title='bbox 968 2626 1054 2706; x_wconf 82' lang='lat' dir='ltr'>regni</span> <span class='ocrx_word' id='word_1_130' title='bbox 1086 2626 1157 2702; x_wconf 85' lang='lat' dir='ltr'>mei,</span> 
     </span>
     <span class='ocr_line' id='line_1_20' title="bbox 63 2724 1158 2812; baseline -0.002 -22"><span class='ocrx_word' id='word_1_131' title='bbox 63 2748 169 2792; x_wconf 90' lang='lat' dir='ltr'>mense</span> <span class='ocrx_word' id='word_1_132' title='bbox 187 2727 265 2793; x_wconf 87' lang='lat' dir='ltr'>iulio</span> <span class='ocrx_word' id='word_1_133' title='bbox 293 2726 460 2788; x_wconf 81' lang='lat' dir='ltr'>indictione</span> <span class='ocrx_word' id='word_1_134' title='bbox 489 2724 652 2786; x_wconf 90' lang='lat' dir='ltr'>undecima</span> <span class='ocrx_word' id='word_1_135' title='bbox 683 2725 722 2810; x_wconf 82' lang='grc' dir='ltr'>[ρ.</span> <span class='ocrx_word' id='word_1_136' title='bbox 748 2726 820 2791; x_wconf 76' lang='lat' dir='ltr'>Clu.</span> <span class='ocrx_word' id='word_1_137' title='bbox 843 2727 930 2812; x_wconf 72' lang='grc'>668]</span> <span class='ocrx_word' id='word_1_138' title='bbox 957 2747 1015 2807; x_wconf 83' lang='lat' dir='ltr'>per</span> <span class='ocrx_word' id='word_1_139' title='bbox 1041 2747 1158 2809; x_wconf 83' lang='lat' dir='ltr'>sugge-</span> 
     </span>
     <span class='ocr_line' id='line_1_21' title="bbox 64 2828 1159 2909; baseline -0.004 -15"><span class='ocrx_word' id='word_1_140' title='bbox 64 2831 164 2895; x_wconf 87' lang='lat' dir='ltr'>stione</span> <span class='ocrx_word' id='word_1_141' title='bbox 192 2829 328 2891; x_wconf 90' lang='lat' dir='ltr'>iudicum</span> <span class='ocrx_word' id='word_1_142' title='bbox 358 2828 559 2908; x_wconf 82' lang='lat' dir='ltr'>omniumque</span> <span class='ocrx_word' id='word_1_143' title='bbox 589 2847 758 2899; x_wconf 83' lang='lat' dir='ltr'>consensu,</span> <span class='ocrx_word' id='word_1_144' title='bbox 789 2848 825 2890; x_wconf 93' lang='lat' dir='ltr'>ea</span> <span class='ocrx_word' id='word_1_145' title='bbox 854 2848 914 2909; x_wconf 90' lang='lat' dir='ltr'>que</span> <span class='ocrx_word' id='word_1_146' title='bbox 941 2828 1000 2890; x_wconf 93' lang='lat' dir='ltr'>iIIis</span> <span class='ocrx_word' id='word_1_147' title='bbox 1024 2829 1101 2890; x_wconf 87' lang='lat' dir='ltr'>dura</span> <span class='ocrx_word' id='word_1_148' title='bbox 1129 2838 1159 2890; x_wconf 87' lang='lat' dir='ltr'>et</span> 
     </span>
     <span class='ocr_line' id='line_1_22' title="bbox 63 2930 1159 3014; baseline -0.001 -20"><span class='ocrx_word' id='word_1_149' title='bbox 63 2933 157 3014; x_wconf 88' lang='lat' dir='ltr'>impia</span> <span class='ocrx_word' id='word_1_150' title='bbox 184 2932 216 2992; x_wconf 95' lang='lat' dir='ltr'>in</span> <span class='ocrx_word' id='word_1_151' title='bbox 245 2931 306 2991; x_wconf 91' lang='lat' dir='ltr'>hoc</span> <span class='ocrx_word' id='word_1_152' title='bbox 335 2930 468 2992; x_wconf 89' lang='lat' dir='ltr'>edictum</span> <span class='ocrx_word' id='word_1_153' title='bbox 501 2931 569 2994; x_wconf 88' lang='lat' dir='ltr'>uisa</span> <span class='ocrx_word' id='word_1_154' title='bbox 599 2939 685 3005; x_wconf 87' lang='lat' dir='ltr'>sunt,</span> <span class='ocrx_word' id='word_1_155' title='bbox 720 2931 759 2990; x_wconf 86' lang='lat' dir='ltr'>ad</span> <span class='ocrx_word' id='word_1_156' title='bbox 794 2930 955 2992; x_wconf 90' lang='lat' dir='ltr'>meliorem</span> <span class='ocrx_word' id='word_1_157' title='bbox 985 2939 1101 2994; x_wconf 86' lang='lat' dir='ltr'>statum</span> <span class='ocrx_word' id='word_1_158' title='bbox 1129 2940 1159 2994; x_wconf 91' lang='lat' dir='ltr'>ct</span> 
     </span>
     <span class='ocr_line' id='line_1_23' title="bbox 66 3033 1211 3113; baseline -0.001 -16"><span class='ocrx_word' id='word_1_159' title='bbox 66 3035 296 3097; x_wconf 86' lang='lat' dir='ltr'>clementiorem</span> <span class='ocrx_word' id='word_1_160' title='bbox 319 3033 491 3093; x_wconf 89' lang='lat' dir='ltr'>remedium</span> <span class='ocrx_word' id='word_1_161' title='bbox 514 3051 677 3113; x_wconf 81' lang='lat' dir='ltr'>corregere</span> <span class='ocrx_word' id='word_1_162' title='bbox 700 3042 730 3094; x_wconf 93' lang='lat' dir='ltr'>et</span> <span class='ocrx_word' id='word_1_163' title='bbox 752 3037 902 3094; x_wconf 83' lang='lat' dir='ltr'>reuocare</span> <span class='ocrx_word' id='word_1_164' title='bbox 924 3035 1133 3113; x_wconf 85' lang='lat' dir='ltr'>prouidemus.</span> <span class='ocrx_word' id='word_1_165' title='bbox 1208 3102 1211 3107; x_wconf 60' lang='grc'><strong>,</strong></span> 
     </span>
    </p>
   </div>
   <div class='ocr_carea' id='block_1_7' title="bbox 296 3215 925 3282">
    <p class='ocr_par' dir='ltr' id='par_1_8' title="bbox 296 3215 925 3282">
     <span class='ocr_line' id='line_1_24' title="bbox 296 3215 925 3282; baseline 0.008 -5"><span class='ocrx_word' id='word_1_166' title='bbox 296 3217 438 3280; x_wconf 83' lang='lat' dir='ltr'><strong>INCIPIT</strong></span> <span class='ocrx_word' id='word_1_167' title='bbox 460 3216 651 3280; x_wconf 78' lang='lat' dir='ltr'><strong>CAPITVLA</strong></span> <span class='ocrx_word' id='word_1_168' title='bbox 672 3216 725 3275; x_wconf 86' lang='lat' dir='ltr'>DE</span> <span class='ocrx_word' id='word_1_169' title='bbox 748 3215 896 3279; x_wconf 83' lang='lat' dir='ltr'>CAVSAS</span> <span class='ocrx_word' id='word_1_170' title='bbox 905 3224 925 3282; x_wconf 78' lang='lat'>³.</span> 
     </span>
    </p>
   </div>
   <div class='ocr_carea' id='block_1_8' title="bbox 68 3354 962 3750">
    <p class='ocr_par' dir='ltr' id='par_1_9' title="bbox 68 3354 962 3546">
     <span class='ocr_line' id='line_1_25' title="bbox 68 3354 962 3443; baseline -0.01 -18"><span class='ocrx_word' id='word_1_171' title='bbox 68 3359 135 3426; x_wconf 81' lang='lat'><strong>389.</strong></span> <span class='ocrx_word' id='word_1_172' title='bbox 159 3357 201 3443; x_wconf 89' lang='lat'>[1]</span> <span class='ocrx_word' id='word_1_173' title='bbox 224 3358 270 3418; x_wconf 88' lang='lat' dir='ltr'>De</span> <span class='ocrx_word' id='word_1_174' title='bbox 292 3357 426 3438; x_wconf 86' lang='lat' dir='ltr'>trigenta</span> <span class='ocrx_word' id='word_1_175' title='bbox 448 3375 601 3417; x_wconf 89' lang='lat' dir='ltr'>armorum</span> <span class='ocrx_word' id='word_1_176' title='bbox 625 3354 676 3435; x_wconf 88' lang='lat' dir='ltr'>qui</span> <span class='ocrx_word' id='word_1_177' title='bbox 699 3373 791 3416; x_wconf 91' lang='lat' dir='ltr'>seruo</span> <span class='ocrx_word' id='word_1_178' title='bbox 814 3355 962 3434; x_wconf 89' lang='lat' dir='ltr'>possedit.</span> 
     </span>
     <span class='ocr_line' id='line_1_26' title="bbox 69 3457 749 3546; baseline -0.009 -20"><span class='ocrx_word' id='word_1_179' title='bbox 69 3462 136 3528; x_wconf 88' lang='grc'><strong>390.</strong></span> <span class='ocrx_word' id='word_1_180' title='bbox 161 3459 204 3546; x_wconf 78' lang='grc'>[2]</span> <span class='ocrx_word' id='word_1_181' title='bbox 227 3461 274 3521; x_wconf 89' lang='lat' dir='ltr'>De</span> <span class='ocrx_word' id='word_1_182' title='bbox 296 3459 399 3521; x_wconf 87' lang='lat' dir='ltr'>liberis</span> <span class='ocrx_word' id='word_1_183' title='bbox 423 3459 461 3519; x_wconf 91' lang='lat' dir='ltr'>de</span> <span class='ocrx_word' id='word_1_184' title='bbox 484 3457 594 3539; x_wconf 86' lang='lat' dir='ltr'>quibus</span> <span class='ocrx_word' id='word_1_185' title='bbox 617 3464 749 3521; x_wconf 86' lang='lat' dir='ltr'>constat.</span> 
     </span>
    </p>

    <p class='ocr_par' dir='ltr' id='par_1_10' title="bbox 69 3560 616 3647">
     <span class='ocr_line' id='line_1_27' title="bbox 69 3560 616 3647; baseline -0.02 -18"><span class='ocrx_word' id='word_1_186' title='bbox 69 3563 137 3629; x_wconf 82' lang='lat'><strong>391.</strong></span> <span class='ocrx_word' id='word_1_187' title='bbox 162 3561 205 3647; x_wconf 79' lang='grc'>[3]</span> <span class='ocrx_word' id='word_1_188' title='bbox 227 3561 274 3622; x_wconf 91' lang='lat' dir='ltr'>De</span> <span class='ocrx_word' id='word_1_189' title='bbox 295 3560 417 3641; x_wconf 89' lang='lat' dir='ltr'>culpam</span> <span class='ocrx_word' id='word_1_190' title='bbox 441 3563 616 3622; x_wconf 84' lang='lat' dir='ltr'>seruorum.</span> 
     </span>
    </p>

    <p class='ocr_par' dir='ltr' id='par_1_11' title="bbox 70 3660 836 3750">
     <span class='ocr_line' id='line_1_28' title="bbox 70 3660 836 3750; baseline -0.012 -21"><span class='ocrx_word' id='word_1_191' title='bbox 70 3664 138 3731; x_wconf 80' lang='grc'><strong>392.</strong></span> <span class='ocrx_word' id='word_1_192' title='bbox 163 3661 205 3750; x_wconf 79' lang='grc'>[4]</span> <span class='ocrx_word' id='word_1_193' title='bbox 229 3663 274 3722; x_wconf 85' lang='lat' dir='ltr'>De</span> <span class='ocrx_word' id='word_1_194' title='bbox 297 3663 427 3743; x_wconf 81' lang='lat' dir='ltr'>trigenta</span> <span class='ocrx_word' id='word_1_195' title='bbox 451 3679 603 3722; x_wconf 89' lang='lat' dir='ltr'>annorum</span> <span class='ocrx_word' id='word_1_196' title='bbox 625 3660 836 3739; x_wconf 86' lang='lat' dir='ltr'>possessione.</span> 
     </span>
    </p>
   </div>
   <div class='ocr_carea' id='block_1_9' title="bbox 71 3760 675 3952">
    <p class='ocr_par' dir='ltr' id='par_1_12' title="bbox 71 3760 675 3952">
     <span class='ocr_line' id='line_1_29' title="bbox 71 3760 675 3861; baseline -0.007 -31"><span class='ocrx_word' id='word_1_197' title='bbox 71 3766 138 3832; x_wconf 85' lang='grc'><strong>393.</strong></span> <span class='ocrx_word' id='word_1_198' title='bbox 163 3760 206 3851; x_wconf 79' lang='grc'>[5]</span> <span class='ocrx_word' id='word_1_199' title='bbox 228 3764 275 3824; x_wconf 89' lang='lat' dir='ltr'>De</span> <span class='ocrx_word' id='word_1_200' title='bbox 291 3763 493 3861; x_wconf 27' lang='lat' dir='ltr'>&#39;successione</span> <span class='ocrx_word' id='word_1_201' title='bbox 515 3770 675 3842; x_wconf 88' lang='lat' dir='ltr'>nepotum.</span> 
     </span>
     <span class='ocr_line' id='line_1_30' title="bbox 72 3864 667 3952; baseline -0.01 -19"><span class='ocrx_word' id='word_1_202' title='bbox 72 3867 139 3933; x_wconf 86' lang='grc'><strong>394.</strong></span> <span class='ocrx_word' id='word_1_203' title='bbox 163 3865 206 3952; x_wconf 85' lang='grc'>[6]</span> <span class='ocrx_word' id='word_1_204' title='bbox 228 3866 275 3926; x_wconf 89' lang='lat' dir='ltr'>De</span> <span class='ocrx_word' id='word_1_205' title='bbox 297 3865 446 3935; x_wconf 83' lang='lat' dir='ltr'>uxoribus</span> <span class='ocrx_word' id='word_1_206' title='bbox 469 3864 667 3927; x_wconf 89' lang='lat' dir='ltr'>dimittendis.</span> 
     </span>
    </p>
   </div>
   <div class='ocr_carea' id='block_1_10' title="bbox 74 4048 1165 4302">
    <p class='ocr_par' dir='ltr' id='par_1_13' title="bbox 74 4048 1165 4302">
     <span class='ocr_line' id='line_1_31' title="bbox 74 4048 1165 4122; baseline -0.006 -14"><span class='ocrx_word' id='word_1_207' title='bbox 74 4052 93 4122; x_wconf 87' lang='lat'>¹)</span> <span class='ocrx_word' id='word_1_208' title='bbox 112 4055 157 4111; x_wconf 83' lang='lat' dir='ltr'>Sic</span> <span class='ocrx_word' id='word_1_209' title='bbox 176 4055 236 4109; x_wconf 82' lang='lat' dir='ltr'>cod.</span> <span class='ocrx_word' id='word_1_210' title='bbox 261 4052 411 4108; x_wconf 77' lang='lat' dir='ltr'>Vaticanus.</span> <span class='ocrx_word' id='word_1_211' title='bbox 478 4048 499 4121; x_wconf 77' lang='lat'>²)</span> <span class='ocrx_word' id='word_1_212' title='bbox 520 4051 668 4120; x_wconf 76' lang='lat' dir='ltr'>Hudrtccm,</span> <span class='ocrx_word' id='word_1_213' title='bbox 689 4064 714 4102; x_wconf 88' lang='lat' dir='ltr'>a.</span> <span class='ocrx_word' id='word_1_214' title='bbox 735 4049 785 4102; x_wconf 86' lang='lat' dir='ltr'>cod</span> <span class='ocrx_word' id='word_1_215' title='bbox 802 4048 960 4104; x_wconf 78' lang='lat' dir='ltr'>Vercedeosi</span> <span class='ocrx_word' id='word_1_216' title='bbox 977 4053 1108 4117; x_wconf 72' lang='lat' dir='ltr'>crassam,</span> <span class='ocrx_word' id='word_1_217' title='bbox 1130 4063 1165 4102; x_wconf 82' lang='lat' dir='ltr'>ec</span> 
     </span>
     <span class='ocr_line' id='line_1_32' title="bbox 75 4139 1165 4213; baseline -0.005 -16"><span class='ocrx_word' id='word_1_218' title='bbox 75 4143 156 4201; x_wconf 79' lang='lat' dir='ltr'>Poris.</span> <span class='ocrx_word' id='word_1_219' title='bbox 188 4144 263 4198; x_wconf 75' lang='lat'>4614</span> <span class='ocrx_word' id='word_1_220' title='bbox 288 4145 390 4198; x_wconf 69' lang='lat' dir='ltr'>doricus.</span> <span class='ocrx_word' id='word_1_221' title='bbox 483 4144 504 4213; x_wconf 75' lang='grc'>3)</span> <span class='ocrx_word' id='word_1_222' title='bbox 529 4143 574 4196; x_wconf 84' lang='lat' dir='ltr'>Sto</span> <span class='ocrx_word' id='word_1_223' title='bbox 593 4142 746 4195; x_wconf 76' lang='lat' dir='ltr'>breuissime</span> <span class='ocrx_word' id='word_1_224' title='bbox 766 4141 825 4194; x_wconf 89' lang='lat' dir='ltr'>cod.</span> <span class='ocrx_word' id='word_1_225' title='bbox 851 4139 1004 4205; x_wconf 76' lang='lat' dir='ltr'>Vaticanus,¹</span> <span class='ocrx_word' id='word_1_226' title='bbox 1030 4143 1165 4209; x_wconf 79' lang='lat' dir='ltr'>sequentia</span> 
     </span>
     <span class='ocr_line' id='line_1_33' title="bbox 75 4231 1165 4302; baseline -0.006 -10"><span class='ocrx_word' id='word_1_227' title='bbox 75 4237 155 4292; x_wconf 76' lang='lat' dir='ltr'>certa</span> <span class='ocrx_word' id='word_1_228' title='bbox 172 4243 199 4292; x_wconf 85' lang='lat' dir='ltr'>et</span> <span class='ocrx_word' id='word_1_229' title='bbox 216 4239 319 4292; x_wconf 75' lang='lat' dir='ltr'>cornert</span> <span class='ocrx_word' id='word_1_230' title='bbox 336 4240 450 4290; x_wconf 78' lang='lat' dir='ltr'>maiores</span> <span class='ocrx_word' id='word_1_231' title='bbox 469 4249 505 4289; x_wconf 84' lang='lat' dir='ltr'>cc</span> <span class='ocrx_word' id='word_1_232' title='bbox 525 4233 690 4302; x_wconf 77' lang='lat' dir='ltr'>Verceltensr&#39;,</span> <span class='ocrx_word' id='word_1_233' title='bbox 709 4233 826 4286; x_wconf 75' lang='lat' dir='ltr'>minores</span> <span class='ocrx_word' id='word_1_234' title='bbox 844 4245 879 4285; x_wconf 75' lang='lat' dir='ltr'>ec</span> <span class='ocrx_word' id='word_1_235' title='bbox 898 4233 1004 4300; x_wconf 78' lang='lat' dir='ltr'>reliquie</span> <span class='ocrx_word' id='word_1_236' title='bbox 1025 4231 1165 4285; x_wconf 76' lang='lat' dir='ltr'>codicibus.</span> 
     </span>
    </p>
   </div>
   <div class='ocr_carea' id='block_1_11' title="bbox 0 0 1318 4710">
    <p class='ocr_par' dir='ltr' id='par_1_14' title="bbox 0 0 1318 4710">
     <span class='ocr_line' id='line_1_34' title="bbox 0 0 1318 4710; baseline 0 0"><span class='ocrx_word' id='word_1_237' title='bbox 0 0 1318 4710; x_wconf 95' lang='lat' dir='ltr'> </span> 
     </span>
    </p>
   </div>
  </div>
 </body>
</html>
