2574 4710
240 350 406 416 ublctvs
428 350 608 415 ROTHARI
630 352 712 416 CAP.
735 356 912 422 232-239.
1089 356 1130 420 49

63 535 90 597 isi
111 535 290 617 simpliciter
311 556 380 598 eum
404 536 560 618 praetium
587 557 678 600 suum
705 537 920 619 conparassit3
950 545 981 600 et
1002 538 1130 620 insuper

63 639 126 700 ldat
145 639 177 700 in
198 638 301 722 ipsum
323 646 568 702 sacramentum:
600 640 626 702 si
649 658 776 721 quoquo
803 647 946 720 tempore
969 648 1128 703 auctorem

63 740 193 814 uenerit,
221 760 285 802 non
306 759 431 822 negare.
480 743 565 803 'lune
592 749 666 822 post
690 741 874 823 praestitum
900 749 1128 805 sacramentum

63 842 139 904 eddat
160 843 332 916 caballum,
362 851 392 905 et
414 844 452 906 sit
474 843 531 906 sibi
560 851 743 910 contemtus.
794 843 847 904 llle
870 850 988 917 autem,
1018 844 1071 924 qui
1093 864 1127 907 se

63 944 156 1025 ruprio
180 944 309 1007 domino
332 944 404 1007 dicit
426 965 512 1018 esse,
541 947 598 1007 sub
621 945 675 1007 tali
703 946 790 1008 titulo
819 965 890 1006 eum
912 946 1016 1018 tollat,
1046 954 1079 1008 ut
1101 947 1127 1009 si

63 1046 182 1126 agnitum
197 1046 299 1118 luerit,
322 1047 406 1128 quod
427 1049 513 1109 malo
536 1048 645 1109 ordine
668 1047 855 1120 uindicassit,
878 1055 909 1109 et
930 1049 1010 1109 alter
1025 1056 1126 1111 uertus

63 1155 137 1210 uetur
159 1149 293 1222 uenerit,
321 1148 373 1229 qui
395 1170 485 1211 suum
506 1148 618 1221 fieerit,
641 1149 709 1229 ipse
731 1149 869 1211 caballus
893 1149 951 1210 sibi
974 1169 1074 1212 nonus
1096 1150 1126 1211 ei

63 1249 184 1316 eddatur.

112 1354 182 1418 233.
227 1351 349 1432 Siquis
371 1353 412 1412 de
434 1370 527 1414 seruo
550 1353 779 1432 conparauerit.
809 1352 925 1414 Seruus
948 1351 1125 1414 cuiuscum-

63 1470 95 1529 [ue
119 1472 180 1514 non
210 1452 303 1515 liceat
335 1453 402 1515 sine
427 1455 615 1534 permissum
644 1455 762 1516 domini
795 1454 841 1516 sui
874 1473 975 1534 neque
1009 1461 1125 1516 terram

63 1571 130 1634 teque
151 1555 306 1636 mancipia
328 1575 429 1636 neque
446 1557 702 1637 qualemcumque
725 1576 791 1617 rem
814 1557 951 1630 uindere,
975 1564 1028 1618 aut
1042 1555 1125 1617 libe-

63 1674 102 1715 um
126 1656 288 1722 dimittere.
338 1657 369 1718 Si
391 1656 460 1737 quis
488 1659 528 1719 de
558 1678 650 1721 seruo
678 1657 909 1738 conparauerit,
936 1666 966 1721 et
991 1658 1125 1739 pretium

64 1758 145 1830 erdal,
168 1768 200 1820 et
223 1760 308 1840 quud
331 1759 370 1819 de
392 1777 485 1820 seruo
508 1760 591 1834 emit,
614 1760 743 1841 propriu
765 1761 893 1822 dominu
916 1760 1066 1824 restituat.

110 1863 181 1926 234.
225 1861 272 1921 De
295 1879 387 1922 seruo
410 1861 575 1928 massario.
627 1863 741 1925 Seruus
772 1861 942 1925 massarius
969 1861 1123 1924 licentiam

63 1963 141 2024 abeat
163 1963 203 2023 de
225 1963 348 2043 peculio
371 1983 444 2035 suo,
475 1963 506 2023 id
530 1970 576 2026 est
598 1966 680 2025 boue
702 1983 797 2026 uaeea
820 1964 953 2037 cauallo,
982 1964 1125 2026 simulet

63 2063 210 2125 eminuto
244 2064 380 2144 peculio,
413 2065 443 2126 in
474 2066 560 2128 socio
591 2067 667 2127 dare
701 2073 753 2126 aut
782 2067 813 2126 iu
847 2065 933 2127 socio
966 2065 1123 2145 recipere3

63 2167 153 2228 udere
175 2174 280 2228 autem
302 2186 375 2239 nun,
398 2166 458 2229 nisi
480 2170 564 2248 quod
586 2187 644 2248 pro
660 2167 819 2228 utilitatem
840 2185 932 2228 casae
955 2165 1050 2246 ipsius
1066 2175 1123 2238 est,

63 2268 167 2331 tatinus
192 2288 266 2330 casa
288 2268 441 2350 proficiat,
464 2276 496 2331 et
515 2288 579 2329 non
602 2269 760 2348 depereat.
1111 2258 1116 2268 ’

108 2373 180 2436 235.
225 2372 272 2431 De
293 2371 427 2434 hulditts.
470 2372 539 2432 Non
562 2370 653 2432 liceat
673 2370 796 2432 haldits
818 2369 1049 2449 cuiuscumque,
1072 2369 1125 2449 qui

63 2473 185 2533 tamund
207 2473 307 2535 iactus
329 2493 392 2535 uon
416 2481 471 2548 est,
494 2473 561 2536 sine
582 2474 741 2535 uoluntate
756 2471 880 2552 patroni
903 2471 949 2534 sui
971 2478 1055 2532 terra
1070 2479 1123 2532 aut

63 2576 179 2657 aucipia
201 2575 338 2650 uindere,
361 2576 417 2637 sed
439 2594 540 2655 neque
561 2575 692 2636 liberum
714 2574 877 2638 dimittere.

108 2679 182 2743 236.
226 2678 272 2738 De
294 2678 443 2739 terminus
467 2679 612 2742 effussus.
649 2677 681 2738 Si
705 2676 771 2757 quis
793 2676 890 2737 humo
912 2676 991 2737 liber
1012 2675 1124 2736 termi-

63 2799 98 2838 tm
121 2779 257 2840 anticum
281 2779 545 2851 exterminauerit‚
573 2786 604 2841 et
624 2781 792 2859 probatum
813 2777 920 2850 fuerit,
951 2778 990 2840 sit
1012 2777 1124 2857 culpa-

63 2881 92 2944 lis
116 2881 177 2947 sol.
200 2889 374 2963 uetugenta,
397 2881 593 2943 medietatem
621 2880 686 2961 regi
712 2890 743 2942 et
764 2881 962 2942 medietatem
985 2880 1015 2940 in
1038 2879 1122 2941 cuius

63 3003 104 3046 ies
125 2984 293 3045 terminum
313 2983 415 3048 fuerit.

108 3088 184 3152 237.
227 3086 274 3146 De
304 3105 427 3157 seruus,
458 3084 510 3164 qui
535 3083 700 3144 terminum
736 3084 901 3148 effusserit.
955 3082 987 3143 Si
1015 3102 1123 3145 seruus

63 3188 144 3250 lenus
186 3189 352 3248 terminum
386 3186 518 3248 anticum
563 3183 829 3256 extermiuauerit,
864 3182 956 3244 morti
988 3182 1124 3244 incurrat

63 3290 214 3361 riculum,
245 3297 298 3352 aut
323 3289 494 3350 redimatur
520 3305 589 3346 eum
612 3285 826 3365 quadragenta
849 3283 967 3348 solidis.

111 3393 186 3457 233.
229 3392 276 3452 De
299 3394 412 3453 arbore
435 3389 565 3469 signato.
603 3386 635 3446 Si
657 3386 725 3467 quis
747 3385 845 3447 homo
867 3385 946 3446 liber
968 3385 1123 3455 arborem,

63 3494 77 3552 »i
107 3493 260 3555 teclatura
287 3493 367 3555 inter
392 3491 472 3552 fines
502 3489 712 3550 decernendas
740 3487 860 3568 signata
890 3493 953 3563 est,
986 3483 1126 3546 inciderit

63 3603 79 3657 tt
102 3594 269 3671 deleuerit,
299 3600 463 3674 octngenta
486 3591 543 3654 sol.
565 3590 605 3652 sit
626 3588 812 3668 culpabiles,
840 3587 1039 3649 medietatem
1061 3582 1127 3666 regi

78 3697 282 3758 medietatem
304 3696 390 3758 euius
414 3697 509 3756 arbor
529 3692 631 3774 luerit.
664 3693 702 3753 Et
717 3692 743 3754 si
758 3710 868 3754 seruus
884 3710 941 3770 per
954 3687 1127 3751 iussionem

63 3798 147 3859 »mini
175 3798 223 3860 sui
251 3797 372 3870 iecerit,
401 3795 543 3857 dominus
572 3794 637 3856 eius
665 3802 822 3876 conponat
850 3800 883 3854 ut
911 3808 1006 3872 supra
1035 3797 1128 3852 uetu-

63 3907 121 3961 =uta
144 3900 275 3965 solidos.
983 3975 986 3979 .

113 4005 187 4067 239.
232 4001 264 4063 Si
286 4019 395 4062 seruus
423 4019 479 4062 sua
506 3998 688 4060 aucturitute
716 4000 876 4071 arborem,
908 3995 960 4057 ubi
987 3992 1130 4056 tielatura

63 4110 112 4164 eta
135 4110 184 4165 est
204 4102 291 4177 iuter¹
306 4101 385 4164 fines
409 4100 636 4177 decernendas,
659 4098 809 4173 inciderit,
831 4105 885 4161 aut
905 4095 1058 4159 moriatur
1079 4101 1133 4157 aut

63 4204 167 4266 edimat
188 4223 222 4266 se
246 4223 315 4265 eum
338 4210 542 4284 quatragenta
564 4201 683 4267 solidis.

902 4302 921 4364 4
