2574 4710
101 337 104 344 '
148 323 187 389 16
385 320 551 384 EDICTVS
573 319 751 383 ROTHARI
772 320 855 384 CAP.
879 322 1012 388 14-19.

144 506 184 568 Et
210 506 236 569 si
258 504 383 586 expolia
405 505 445 565 de
471 503 541 586 ipso
571 512 695 568 mortuo
718 505 833 579 tulerit,
855 506 886 566 id
909 511 956 568 est
976 506 1146 586 plodraup,
1165 523 1249 566 con·

94 647 97 656 ·
144 615 243 688 ponat
263 613 428 688 octogenta
450 607 578 673 solidus.

231 712 280 776 15.
324 710 371 770 De
393 692 615 790 crapuuorfin(
638 708 670 771 Si
686 709 753 790 quis
770 711 960 790 sepulturam
978 708 1113 772 bominis
1130 709 1249 770 mortui

144 810 270 892 ruperit,
294 817 325 873 et
347 830 459 892 eorpus
475 810 681 893 expoliauerit
703 819 756 873 aut
777 811 853 874 foris
875 811 1044 884 iactauerit,
1067 816 1247 892 nongentos

143 912 270 975 soledos
303 912 343 976 sit
374 914 542 994 eulpauelis
577 912 759 994 parentibus
790 913 912 994 sepulti.
975 913 1014 975 Et
1047 913 1073 975 si
1105 912 1248 992 parentis

143 1013 277 1094 proximi
309 1034 373 1077 non
405 1015 537 1088 fuerint,
569 1021 641 1078 tune
673 1015 843 1096 gastaldius
884 1014 965 1096 regis
1000 1023 1052 1077 aut
1084 1013 1247 1077 sculdahis

143 1114 282 1196 requirat
302 1116 395 1196 culpa
414 1116 493 1197 ipsa,
517 1124 548 1179 et
569 1117 610 1178 ad
632 1125 717 1178 curte
739 1117 820 1198 regis
843 1124 964 1198 exegat.

228 1218 280 1282 16.
322 1217 369 1278 Ile
390 1218 525 1284 rairaub.
570 1217 691 1299 siquis
713 1219 874 1280 hominem
889 1225 1046 1280 mortuum
1068 1217 1247 1279 influmine

143 1325 196 1381 aut
222 1318 299 1382 loris
327 1318 495 1393 inuenerit,
526 1327 580 1381 aut
605 1320 809 1401 expoliauerit
837 1329 869 1383 et
897 1319 1056 1391 celauerit,
1084 1326 1248 1400 conponat

141 1421 323 1500 parentibus
356 1421 470 1484 mortui
498 1421 616 1484 solidos
646 1421 813 1503 octoginta.
872 1421 963 1483 Etsi
990 1440 1061 1482 eum
1089 1420 1248 1482 inuenerit

142 1528 173 1581 et
195 1521 416 1602 expoliauerit‚
442 1530 474 1584 et
495 1543 570 1585 mox
590 1522 739 1586 uicinibus
767 1522 962 1605 patefecerit,
993 1531 1024 1583 et
1044 1522 1247 1603 cognoscitur

143 1624 226 1704 quod
240 1643 300 1704 pro
316 1624 468 1686 mercedis
484 1643 588 1697 causa,
604 1644 677 1686 nam
691 1645 756 1687 nou
766 1624 902 1688 furtandi
917 1607 1021 1687 animo
1033 1625 1114 1697 lecit,
1129 1624 1246 1685 reddat

141 1724 243 1805 spolia
265 1745 343 1806 quas
366 1744 461 1806 super
483 1727 707 1800 euminuenit,
735 1721 920 1807 etamplius
950 1726 979 1787 ei
1000 1724 1154 1787 calumnia
1177 1745 1243 1787 non

140 1833 315 1907 generetur.
860 1899 862 1902 y

226 1930 274 1994 17.
319 1929 351 1990 Si
373 1929 442 2010 quis
465 1949 504 1991 ex
525 1930 694 1992 baronibus
709 1928 824 1991 nostris
847 1930 888 1990 ad
902 1949 961 1991 nos
977 1928 1108 1990 uoluerit
1123 1929 1240 1999 uenire,

140 2048 267 2092 securus
301 2031 421 2103 ueniat,
456 2038 486 2092 et
513 2030 629 2094 inlesus
663 2032 704 2094 ad
734 2051 809 2094 suos
842 2038 1030 2105 reuertatur;
1064 2031 1165 2093 nullus
1198 2031 1238 2090 de

140 2131 338 2195 aduersarius
359 2131 402 2192 illi
425 2133 561 2213 aliquam
582 2133 613 2194 in
628 2133 736 2194 itinere
751 2132 862 2194 iniuria
876 2140 930 2194 aut
944 2132 1120 2194 molestiam
1135 2132 1240 2193 facere

138 2241 309 2315 presumat.
360 2235 493 2296 Tantum
515 2242 563 2297 est
583 2243 616 2297 ut
636 2233 687 2296 ille
710 2235 763 2315 qui
784 2236 825 2295 ad
847 2253 953 2314 regem
974 2233 1082 2294 uenire
1103 2233 1239 2305 festinat,

137 2335 270 2398 honeste
292 2335 405 2408 ueniat,
429 2343 460 2398 et
480 2337 596 2398 nullam
611 2336 763 2399 lesionem
778 2345 831 2399 aut
846 2337 994 2397 damnum
1010 2336 1192 2416 cuicumque
1207 2335 1238 2396 in

136 2437 206 2518 ipso
225 2438 342 2500 itenere
358 2440 399 2500 ad
418 2457 525 2519 regem
541 2438 728 2499 ueniendum
753 2446 806 2500 ant
825 2439 1018 2500 redeundum
1032 2438 1141 2512 laciat3
1162 2456 1238 2499 nam

138 2539 164 2601 si
179 2539 287 2613 licerit,
303 2540 382 2602 sicut
396 2543 503 2602 subter
517 2540 549 2602 in
562 2540 624 2601 hoc
640 2541 773 2603 edictum
793 2540 991 2602 constitutum
1007 2547 1054 2602 est
1069 2549 1237 2620 conponat.

224 2642 273 2707 18.
318 2641 350 2703 si
366 2641 433 2722 quis
450 2661 489 2703 ex
504 2641 693 2704 aduersariis
710 2661 837 2703 manum
848 2649 1001 2703 armatam
1017 2661 1110 2721 super
1123 2660 1237 2721 quem-

138 2760 270 2823 cumque
300 2743 340 2803 ad
367 2762 473 2824 regem
501 2743 678 2805 uenientem
709 2742 861 2816 iniecerit,
897 2763 985 2804 suam
1013 2742 1156 2804 iniuriam
1185 2752 1238 2805 aut

138 2843 395 2924 qualemcumque
418 2845 541 2925 culpam
562 2845 780 2906 uindicandam
789 2889 800 2916 ,,
826 2844 1029 2926 nonigentos1
1057 2845 1175 2908 solidus
1199 2845 1237 2908 sit

137 2945 313 3025 culpabilis,
337 2945 535 3009 medietatem
557 2946 635 3027 regi,
667 2954 698 3008 et
719 2946 918 3009 medietatem
940 2946 988 3007 cui
1008 2946 1120 3008 iniuria
1140 2947 1236 3009 inlata

134 3047 236 3112 fuerit.

221 3151 287 3215 19.²
330 3148 363 3209 Si
390 3149 457 3229 quis
485 3168 543 3230 pro
572 3149 683 3213 inimia
710 3170 768 3212 sua
790 3149 982 3212 uindeoanda
1005 3168 1098 3229 super
1121 3168 1235 3229 qnem-

59 3234 63 3240 ’
136 3270 268 3332 cumque
296 3270 366 3312 eum
388 3270 483 3313 mano
505 3258 626 3314 armata
649 3251 830 3324 cocurrerit,
861 3259 914 3314 aut
940 3249 1109 3312 exercitum
1136 3271 1235 3331 usque

136 3354 176 3415 ad
193 3360 341 3434 quattuor
354 3353 498 3417 homines
520 3353 552 3414 in
567 3353 636 3416 uico
660 3354 829 3426 intrauerit,
851 3352 902 3413 ille
923 3352 1011 3432 prior
1032 3372 1090 3432 pro
1112 3352 1236 3415 inlecita

135 3455 389 3535 praesumptione
404 3455 596 3529 mmoriatur,
620 3463 673 3518 aut
695 3463 777 3518 certe
799 3461 956 3535 conponat
976 3454 1095 3517 solidos
1117 3454 1235 3515 nonin-

134 3563 261 3636 gentos,
289 3557 486 3620 medietatem
514 3558 594 3639 regi,
629 3564 660 3619 et
692 3556 889 3619 medietatem
920 3555 968 3616 cui
1002 3555 1113 3618 iniuria
1139 3556 1236 3619 inlata

133 3656 234 3723 fuerit.
278 3657 350 3719 Set³
372 3668 403 3721 et
423 3659 466 3720 illi
488 3659 540 3740 qui
562 3679 631 3721 cum
653 3659 723 3738 ipso
745 3658 866 3730 fuerint,
887 3658 914 3720 si
927 3657 1016 3719 liberi
1030 3666 1110 3730 sunt,
1133 3679 1236 3722 unus-

21 3824 23 3828 ,
136 3757 266 3837 quisque
300 3767 465 3841 octngenta
498 3763 616 3825 solidus
649 3769 822 3841 conponat,
860 3760 1058 3821 medietatem
1090 3760 1170 3841 regi,
1204 3767 1235 3823 et

134 3997 154 4068 ¹)
180 3998 273 4068 nonig.
304 4000 363 4054 eod.
391 3998 509 4069 Sanqall.
600 4003 626 4071 ¹)
654 4001 717 4072 Cap.
746 3999 779 4054 19
808 4003 895 4057 multis
923 4003 1029 4055 mutatis
1057 4001 1188 4068 cllcqotcr
1216 4015 1233 4052 a

133 4086 264 4157 Grcqoric
289 4088 315 4159 l',
341 4105 401 4146 coa.
422 4089 449 4145 8.
481 4090 510 4146 C.
533 4092 576 4148 12.
601 4109 643 4166 qu.
662 4093 690 4146 2.
792 4093 814 4164 ³)
841 4092 876 4146 sit
900 4092 972 4147 solus
997 4091 1079 4160 Scap.
1104 4095 1233 4147 insertum

132 4180 218 4236 lubet.
