2574 4710
97 361 137 424 46
314 356 479 420 EDICTVS
501 356 679 419 ROTffllRl
701 357 782 419 CAP.
806 361 983 424 aaa-224.

96 550 143 604 est
175 543 358 614 nurdibora,
392 549 422 602 ct
452 541 627 622 legetimam
659 542 764 603 lacere
795 562 853 623 per
885 542 1052 623 gairthinx.
1111 545 1191 606 Tunc

95 644 289 724 intellegatur
315 644 414 705 libera
444 651 474 704 et
494 643 639 724 legetima
661 665 755 719 uxor,
786 653 817 705 et
841 643 897 705 filii
923 645 975 725 qui
1000 665 1040 706 ex
1068 665 1107 706 ea
1130 647 1191 708 uati

94 744 216 816 luerint,
238 745 372 825 legetimi
394 746 526 807 heredes
548 746 630 826 patri
652 745 855 812 efficiantur.1

184 849 255 912 223.
304 849 352 908 De
379 866 417 908 eo
446 848 498 927 qui
528 848 594 910 sine
620 847 745 910 heredis
773 850 912 913 moritur.
971 849 1004 909 Si
1031 848 1099 929 quis
1127 849 1191 911 siue

95 948 221 1010 heredis
244 958 384 1011 mortuus
406 950 510 1023 fuerit,
539 959 570 1011 et
590 969 640 1012 res
666 950 764 1030 ipsius
792 951 832 1011 ad
860 957 978 1011 curtem
1004 950 1087 1031 regis
1116 969 1190 1030 per-

94 1052 222 1123 uenerit,
233 1070 291 1113 uec
307 1052 457 1112 donatum
472 1070 530 1111 nec
543 1053 734 1131 praestitum,
748 1053 932 1132 quicumque
946 1052 1044 1132 ipsius
1060 1053 1189 1113 mortui¹

96 1153 180 1215 dedit
202 1160 255 1214 aut
275 1154 430 1234 prestetit,
458 1173 521 1214 non
542 1154 659 1216 habeat
680 1154 871 1235 pontificium
895 1153 1091 1234 requirendi;
1122 1155 1189 1234 quia

93 1262 262 1335 postquam
285 1256 325 1317 ad
348 1275 474 1317 manum
496 1255 577 1335 regis
598 1256 749 1335 peruenit,
770 1256 936 1317 terminum
950 1256 1056 1336 posuit
1076 1264 1107 1318 et
1128 1256 1191 1317 siue

95 1355 232 1415 debitum
255 1363 308 1417 aut
330 1357 466 1440 aliquam
488 1358 703 1437 repetitionem
726 1357 843 1424 cecidit.

180 1460 251 1521 224.
294 1459 341 1518 De
363 1459 666 1521 manomissionibus.
709 1460 740 1521 Si
763 1459 830 1539 quis
853 1479 980 1520 seruum
1002 1479 1093 1521 suum
1115 1478 1190 1539 pro-

95 1557 196 1636 prium
213 1566 265 1619 aut
280 1560 424 1622 ancillam
439 1580 528 1623 suam
544 1562 659 1624 liberos
676 1561 830 1622 dimittere
846 1561 987 1636 uoluerit,
1011 1560 1050 1622 sit
1072 1561 1191 1622 licentia

96 1660 227 1740 qualiter
249 1661 277 1720 ei
298 1662 456 1741 placuerit.
506 1663 585 1724 Nam
608 1663 660 1743 qui
681 1663 810 1723 lulcfree
841 1670 872 1723 et
900 1682 918 1723 a
941 1682 976 1724 se
1004 1672 1192 1736 extraneum,

93 1762 125 1821 id
148 1768 196 1823 est
216 1762 392 1836 haamund,
418 1765 524 1825 facere
554 1765 700 1838 uoluerit,
731 1765 776 1827 sic
797 1765 882 1825 debit
907 1765 1022 1831 facere.
1078 1766 1191 1826 Tradat

94 1882 165 1923 eum
194 1863 280 1942 prius
307 1865 338 1924 in
366 1885 459 1927 manu
488 1867 576 1927 alteri
607 1866 751 1929 homines
780 1867 869 1938 liberi
896 1874 926 1928 et
953 1887 1010 1946 per
1039 1866 1193 1947 gairthinx

93 1964 197 2043 ipsum
213 1965 382 2042 confirmit3
406 1974 439 2028 et
456 1968 508 2028 ille
530 1969 684 2030 secondus
707 1970 810 2030 tradat
831 1969 862 2029 in
885 1969 1009 2030 tertium
1031 1968 1062 2028 in
1083 1969 1192 2029 eodem

95 2067 206 2139 modo,
235 2077 265 2130 et
287 2069 394 2131 tertius
416 2071 521 2131 tradat
541 2071 573 2131 in
597 2070 750 2151 quartum.
800 2073 839 2133 Et
859 2071 928 2150 ipse
951 2077 1080 2149 quartus
1104 2070 1193 2130 ducat

93 2168 124 2228 in
149 2169 371 2249 quadrubium,
395 2179 425 2233 et
447 2172 557 2253 thingit
577 2172 608 2232 in
631 2172 723 2253 gaida
745 2182 776 2234 et
797 2173 882 2254 gisil,
912 2179 943 2233 et
964 2172 1008 2233 sic
1031 2171 1127 2233 dicat:
1155 2172 1195 2232 de

95 2280 241 2353 quattuor
267 2273 333 2335 uias
356 2274 408 2335 ubi
430 2274 567 2336 uolueris
590 2275 765 2348 ambulare,
792 2275 923 2335 liberam
950 2273 1069 2335 habeas
1100 2281 1195 2352 pote-

94 2381 216 2440 statem.
253 2375 284 2436 Si
306 2375 351 2437 sic
371 2376 487 2437 factum
508 2375 609 2448 fuerit,
632 2383 705 2436 tunc
727 2375 785 2437 erit
806 2376 975 2447 haamund,
999 2381 1029 2435 et
1051 2374 1079 2435 ei
1101 2374 1194 2435 manit

94 2486 178 2539 certa
200 2476 343 2540 libertas:
366 2484 478 2558 postea
498 2477 615 2538 nullam
637 2478 855 2557 repetitionem
870 2484 1021 2558 patronus
1042 2476 1193 2538 aduersus

94 2579 196 2659 ipsum
227 2585 280 2640 aut
308 2578 390 2640 filids
419 2579 484 2640 eius
513 2578 630 2639 habeat
656 2586 844 2658 potestatem
872 2578 1060 2659 requirendi.
1108 2579 1147 2639 Et
1168 2579 1194 2640 si

95 2679 161 2741 siue
183 2679 316 2742 heredes
338 2679 500 2759 legetimds
522 2680 590 2760 ipse
613 2681 666 2759 qui
694 2681 853 2742 haamund
881 2681 979 2743 lactus
1008 2689 1073 2752 est,
1104 2699 1194 2741 mor-

93 2789 163 2844 tuus
186 2782 291 2853 luerit,
315 2781 407 2842 curtis
430 2781 515 2860 regia
536 2781 579 2843 illi
602 2782 756 2856 succidat,
785 2803 859 2844 nam
880 2803 944 2844 non
966 2790 1117 2862 patronus
1140 2791 1194 2845 aut

93 2865 226 2946 heredes
248 2885 383 2964 patroni.

178 2986 255 3046 ltem
278 2985 341 3046 alio
361 2987 433 3065 kap.
458 2986 513 3069 (ΙΙ.)
566 2985 710 3048 Similiter
736 2993 766 3047 et
789 2985 841 3067 qui
866 2985 898 3046 in
918 3005 1014 3065 pens,
1037 2985 1069 3045 id
1093 2993 1141 3047 est
1161 2986 1192 3046 in

94 3096 202 3150 uotum
216 3087 297 3168 regis
314 3088 492 3165 demittitur,
514 3088 583 3167 ipsa
598 3073 673 3167 'lege
695 3087 788 3159 uiuat,
812 3087 890 3150 sicut
912 3095 942 3147 et
964 3085 1015 3166 qui
1030 3085 1192 3147 haamund

43 3209 49 3219 ·
91 3191 190 3253 lactus
213 3198 277 3256 est.¹

176 3292 253 3354 ltem
276 3292 337 3353 alio
357 3293 429 3372 kap.
453 3291 522 3376 (ΙΙΙ.)
559 3293 636 3353 ltem
652 3292 705 3371 qui
719 3292 846 3353 lulcfrce
861 3290 977 3364 lecerit,
998 3296 1195 3370 etquattuor

93 3395 161 3457 uias
184 3394 212 3456 ei
234 3394 361 3467 dederit,
375 3402 405 3456 et
426 3394 585 3456 haamund
608 3413 626 3455 a
650 3414 693 3468 se,
715 3393 746 3454 id
763 3401 811 3455 est
825 3399 1008 3453 extraneum
1022 3411 1087 3453 non
1102 3392 1192 3452 lece-

92 3498 147 3571 rit,
170 3496 264 3558 talem
285 3497 386 3577 legem
408 3504 559 3577 patronus
582 3515 652 3556 cum
672 3496 742 3577 ipso
764 3495 865 3570 uiuat,
888 3503 1048 3573 tamquam
1071 3493 1096 3554 si
1121 3513 1190 3554 cum

93 3600 222 3661 tratrem
245 3607 299 3660 aut
319 3617 389 3659 cum
412 3599 473 3660 alio
496 3607 625 3679 parente
647 3617 704 3660 suo
726 3597 825 3657 libero
847 3596 1060 3676 langobardo:
1088 3595 1121 3655 id
1144 3602 1195 3657 est.

94 3700 119 3761 si
141 3699 223 3761 filius
240 3707 293 3761 aut
307 3698 388 3760 filias
411 3698 575 3779 legitimas,
596 3700 647 3779 qni
669 3699 796 3759 tulcfree
811 3699 911 3760 factus
927 3706 983 3773 est,
1006 3717 1070 3758 non
1086 3697 1193 3757 demi-

94 3802 177 3876 serit,
200 3808 350 3881 patronus
374 3802 519 3873 succidat,
543 3802 620 3864 sicut
641 3808 747 3881 supter
770 3801 852 3885 [cop.
868 3800 940 3885 225]
964 3800 1189 3879 scriptumest.

178 3905 254 3965 ltem
277 3902 337 3962 alio
360 3904 431 3982 kap.
455 3902 538 3987 (llll.)
586 3903 664 3964 Item
687 3903 738 3982 qui
760 3902 899 3963 haldium
920 3903 1024 3963 facere
1046 3901 1193 3973 uoluerit,

93 4127 114 4195 1)
135 4125 185 4195 cfr.
205 4126 305 4194 Lintpr.
328 4125 388 4181 106.
438 4127 639 4183 lustramentum
665 4128 878 4182 manumissionis
904 4141 927 4178 a.
955 4124 1009 4176 752
1033 4122 1209 4191 consectam,

94 4220 177 4286 Trono
197 4221 254 4272 cod.
276 4218 336 4286 dspl.
357 4219 371 4272 Ι
377 4218 402 4272 V.
421 4234 482 4287 paq.
504 4215 567 4273 443,
643 4217 664 4290 ²]
686 4218 807 4286 Corripe:
828 4216 877 4287 ipsi
899 4225 1015 4270 mortuo.
