2574 4710
208 323 368 385 NOTITIA
389 325 441 386 DE
462 325 682 389 ACTORIBVS
703 327 828 400 REGIS,
849 348 882 408 p.
905 328 976 396 Chr.
999 333 1071 398 733.
1138 335 1201 399 149

187 504 266 574 Vlll.
308 509 355 570 De
382 519 519 589 putenm.
564 511 595 571 Si
628 511 696 590 quis
729 522 856 599 puteum
889 514 997 576 fecerit
1027 515 1067 575 ad
1099 517 1198 597 pedes

102 618 237 684 centum,
260 610 349 672 tollat
371 611 482 672 exinde
498 612 704 688 solidosXX;
729 633 870 680 annonas
893 614 921 675 ei
942 635 1005 676 non
1028 626 1197 697 reputetur.

99 711 216 773 Puteus
233 721 336 776 autem
353 713 392 773 de
407 714 503 793 pedes
520 713 652 785 XXXV,
674 714 791 778 solidos
808 723 970 795 quattuor3
992 726 1103 796 puteus
1120 739 1196 782 uero

101 813 141 873 de
164 814 261 893 pedes
284 814 390 895 uiginti
411 834 480 890 sex,
498 815 630 877 'solidos
652 823 732 891 tres3
762 824 874 895 puteus
902 825 1006 878 autern
1032 820 1071 879 de
1099 822 1196 899 pedes

100 915 275 988 duodecim,
298 917 432 1005 solidum
455 921 571 977 unum:
588 935 729 979 annonas
753 917 781 977 ei
802 938 865 978 non
888 926 1057 999 reputetur.

101 1138 160 1234 [11.
185 1137 379 1234 norum
398 1137 459 1211 ou
479 1137 743 1210 acroarnvs
764 1138 918 1235 nucis,
937 1165 973 1238 p.
991 1140 1076 1212 car.
1092 1143 1195 1238 aaa]
1270 1117 1276 1133 '

189 1311 214 1373 l.
247 1307 280 1368 ln
303 1310 428 1371 nomine
450 1311 565 1388 domini
588 1311 714 1383 noditia,
739 1309 871 1390 qualiter
891 1310 969 1370 iubit
991 1311 1123 1372 domnus
1139 1331 1195 1374 rex

100 1410 139 1470 ad
163 1410 264 1472 omnis
287 1419 407 1474 actores
430 1433 519 1484 suos,
547 1413 598 1492 qui
621 1413 715 1474 curtis
738 1411 803 1473 eius
827 1411 977 1474 comissas
1000 1411 1133 1474 habent:
1162 1414 1194 1475 id

100 1513 198 1574 estin
219 1512 325 1590 primis
349 1514 388 1574 de
409 1514 471 1586 illo,
501 1514 668 1593 quodiam
691 1523 831 1576 nostrum
855 1523 996 1594 tempore
1018 1514 1195 1595 inpuplica-

99 1621 165 1674 tom
189 1622 245 1685 est,
267 1621 300 1675 ut
320 1614 422 1677 iurent
443 1616 655 1696 unnsquisque
671 1625 759 1678 actor
775 1624 805 1676 et
820 1615 901 1676 dicat
914 1634 972 1694 per
990 1615 1195 1696 euangelium,

99 1714 193 1794 „quia
216 1716 433 1796 quodcumque
455 1737 634 1797 cognouero
658 1718 739 1796 quod
764 1724 871 1778 contra
894 1717 1047 1778 rationem
1069 1718 1207 1798 alequid,

98 1815 208 1876 tultum
231 1825 287 1890 est,
309 1818 390 1879 facio
414 1820 524 1879 exindo
546 1818 696 1878 noditiam
719 1820 835 1879 domno
858 1819 933 1898 regi,
955 1829 988 1880 ut
1004 1820 1194 1894 relaxetur“;

98 1917 143 1979 sic
164 1927 279 1989 tamen,
301 1927 335 1979 ut
357 1921 438 1980 dicat
458 1921 490 1979 in
511 1920 580 1998 ipso
602 1927 840 1994 sacramentum,
864 1921 949 1999 quod
971 1940 1033 1981 non
1057 1918 1194 1982 conscir-

97 2018 235 2080 tiendum
265 2021 304 2080 ad
335 2022 484 2092 amicum,
512 2041 574 2080 non
606 2021 645 2080 ad
672 2029 848 2099 parentem,
880 2039 943 2080 non
973 2022 1012 2081 ad
1039 2022 1192 2100 premium

98 2130 274 2201 corruptus,
298 2123 355 2184 nisi
379 2124 461 2202 quod
479 2121 663 2193 certeseia,
688 2122 770 2200 quod
789 2133 898 2182 contra
914 2120 1068 2182 rationem
1082 2121 1192 2181 tultum

98 2223 170 2283 erit:
192 2231 222 2282 et
237 2241 306 2284 cum
322 2223 412 2285 nobis
427 2225 575 2303 paruerit,
591 2225 777 2284 recensitum
794 2242 850 2302 per
865 2230 1006 2284 nostram
1021 2221 1191 2285 iussionem

97 2324 262 2385 relaxetur.

179 2447 209 2508 2.
231 2442 308 2504 ltem
321 2446 402 2504 unde
414 2451 506 2505 antea
516 2444 670 2506 iussemus
684 2443 765 2527 [cup.
774 2443 824 2527 78]
837 2462 894 2523 per
906 2451 1075 2522 sexagenta
1088 2445 1189 2505 auntls

96 2544 245 2624 inqnirire
260 2545 421 2625 possessio
438 2547 476 2605 de
491 2545 616 2626 pigunia
632 2545 797 2624 puplicam,
820 2563 878 2623 pro
894 2564 932 2605 eo
949 2545 1034 2624 quod
1055 2546 1190 2624 peccatis

94 2645 313 2708 inminentibus
344 2648 383 2706 de
412 2655 580 2727 sexagenta
610 2647 698 2708 annis
728 2645 840 2725 aliquis
869 2665 933 2706 non
962 2654 1130 2717 memorat,
1161 2652 1191 2706 et

93 2747 187 2827 pauci
208 2747 413 2823 inueniuntur,
436 2749 488 2828 qui
511 2751 613 2810 tanttrs
635 2750 736 2809 annus
755 2747 883 2808 habeat:
905 2747 948 2808 ita
963 2747 1135 2824 statuimus,
1158 2755 1193 2808 ut

94 2858 226 2929 excepto
253 2850 338 2930 quod
365 2849 427 2910 iam
453 2870 509 2929 pcr
537 2850 679 2911 notitiam
705 2849 927 2929 inpubligatum
956 2856 1017 2921 est,
1045 2857 1077 2909 ut
1103 2856 1192 2910 actor

94 2951 147 3031 qui
175 2953 255 3011 bene
284 2959 384 3013 certus
411 2964 472 3024 cst,
502 2953 586 3030 quod
614 2952 695 3012 intra
717 2955 758 3016 30
787 2970 885 3012 annos
909 2949 1012 3028 aliqua
1033 2950 1190 3013 inuasatio

92 3061 149 3114 aut
168 3053 254 3114 fraus
276 3052 307 3112 in
329 3052 490 3131 pecuniam
514 3053 636 3132 puplica
659 3059 901 3132 peractumest‚
927 3051 1030 3129 ipsum
1052 3053 1190 3132 requirat

93 3162 126 3215 et
152 3156 287 3214 adducat
313 3154 352 3214 ad
381 3162 520 3215 nostram
549 3154 714 3229 noditiarn;
743 3153 786 3214 sic
813 3161 916 3212 tamen
946 3158 978 3212 ut
1005 3160 1097 3213 antea
1124 3170 1188 3212 non

91 3265 255 3336 presumat
271 3256 390 3316 nuifare
406 3267 458 3317 aut
479 3257 653 3335 pignerare,
676 3254 748 3334 quia
771 3273 828 3314 nos
850 3251 994 3314 uolumus
1017 3253 1077 3314 ista
1093 3272 1188 3315 causa

91 3377 150 3437 per
170 3359 301 3425 nosmed
328 3358 415 3436 ipstls
439 3358 547 3419 audire
569 3366 600 3418 et
622 3357 790 3419 secundum
814 3353 1091 3440 deumlordinare3
1115 3355 1188 3433 quia

93 3458 239 3539 apparuit
268 3459 371 3532 nobis,
406 3460 489 3540 quod
517 3459 542 3520 si
571 3478 629 3520 nos
661 3459 730 3537 ipsa
763 3474 858 3517 causa
891 3455 1093 3528 audierimus,
1126 3456 1188 3516 deo

90 3560 250 3622 fabentem
269 3561 336 3623 sinc
357 3570 518 3641 peccatum
542 3579 611 3620 eam
631 3559 786 3640 inquirere
808 3557 970 3627 habemus,
993 3564 1024 3617 et
1039 3554 1082 3617 sic
1097 3556 1188 3618 ordi-

91 3682 168 3723 nare
184 3671 217 3723 ut
240 3663 415 3722 mercedem
436 3662 627 3736 habeamus;
651 3661 723 3740 quia
744 3659 860 3720 iudices
881 3658 980 3720 nostri
1003 3676 1104 3737 neque
1120 3657 1189 3719 ari-

92 3783 225 3826 mannos
248 3783 306 3824 nec
327 3763 440 3826 actoris
463 3764 561 3826 nostri
581 3769 714 3843 possunt
735 3761 778 3823 sic
807 3759 967 3840 disciplina
994 3759 1187 3839 distringere,

93 3868 172 3928 sicut
193 3885 262 3930 nos.
307 3864 399 3937 Quod
423 3873 525 3926 autem
547 3871 712 3944 pronatum
729 3870 784 3935 est,
808 3861 861 3942 qui
876 3880 932 3942 per
947 3861 1071 3941 triginta
1086 3879 1189 3923 annos

93 3976 146 4029 aut
167 3987 271 4047 super,
295 3965 515 4047 cuiuscumque
537 3964 769 4047 possessionem
792 3963 858 4036 luit,
880 3971 911 4024 et
931 3963 1047 4024 amodo
1061 3961 1186 4036 habeat,

93 4077 125 4129 ut
146 4068 249 4130 nullus
279 4076 367 4128 actor
389 4087 427 4128 eo
458 4073 619 4149 presumat
639 4085 697 4127 nec
718 4066 839 4128 uuilare
860 4084 918 4126 nec
944 4064 1127 4140 molestare3
1155 4070 1187 4124 et

93 4170 144 4249 qni
155 4171 389 4250 presumpserit,
406 4177 563 4251 conponat
574 4169 641 4248 ipse
653 4176 741 4231 actor
755 4167 919 4247 uuidrigild
932 4186 1038 4241 suum;
1054 4175 1186 4244 excepto
1225 4206 1227 4210 -
