2574 4710
428 378 593 442 micrvs
614 377 801 440 aoamm.
883 448 890 461 x

66 565 142 633 208.
164 565 212 625 Ile
233 573 335 645 rapto.

66 670 142 735 209.
164 668 212 729 De
234 666 344 729 aneilla
365 675 466 747 rapta.

67 771 144 836 210.
165 769 213 830 De
235 777 326 851 rapto
350 760 402 849 qui
422 768 453 830 in
476 777 562 831 curte
582 770 663 850 regis
687 770 817 834 duxerit.

68 873 144 937 211.
167 870 201 932 Si
223 871 292 952 quis
315 889 384 932 eum
399 890 531 933 exorem
552 890 642 933 suam
665 871 759 933 alium
779 871 987 952 'fernigantem
1009 870 1170 936 inuenerit.

69 974 145 1039 212.
167 972 199 1034 si
222 972 291 1054 quis
313 980 445 1034 oxoiem
468 972 593 1035 alterius
615 973 728 1042 tolerit.

68 1077 144 1142 213.
168 1074 216 1134 De
238 1073 354 1134 crimen
376 1074 528 1136 adulterii.

70 1179 145 1244 214.
169 1176 201 1238 Si
224 1175 293 1257 quis
314 1174 446 1237 liberam
468 1175 605 1256 puellam
628 1179 748 1256 absque
770 1177 933 1239 eonsilium
957 1177 1087 1241 duxerit.

71 1282 147 1345 215.
168 1278 216 1338 De
237 1283 387 1358 sponsata
409 1284 544 1343 mortua.

72 1383 146 1447 216.
170 1380 202 1440 Si
224 1379 323 1441 aldius
346 1396 477 1440 exorem
498 1378 596 1441 libera
619 1380 731 1446 tolerit.

75 1481 232 1569 [Goliam]
277 1481 308 1542 Si
329 1480 436 1542 haldia
457 1500 582 1544 seruum
605 1482 758 1563 acceperit
778 1483 932 1550 maritum.

76 1585 124 1645 lle
142 1582 256 1663 nuptiis
278 1581 374 1643 haldii
396 1590 428 1644 el
448 1581 539 1666 aldie.

78 1686 124 1746 De
145 1684 228 1746 aldio
252 1684 304 1764 qui
327 1684 469 1746 ancillam
491 1685 613 1748 duxerit
633 1705 774 1751 uxorem.

76 1788 124 1848 De
146 1786 257 1849 aneilla
279 1793 310 1847 et
331 1785 456 1847 alterius
479 1805 581 1854 seruo.

77 1890 124 1950 De
146 1908 239 1952 seruo
262 1895 294 1949 et
314 1906 413 1948 uxore
434 1887 542 1954 libera.

79 1992 163 2076 [222.
185 1990 232 2050 De
254 1987 365 2050 aneilla
386 1988 573 2051 matrimonii
594 1990 735 2075 g1·atia.]1

77 2094 124 2153 De
147 2111 186 2154 eo
209 2090 261 2172 qui
283 2090 350 2153 sine
370 2090 488 2151 herede
509 2091 648 2156 moritur.

64 2195 125 2275 ‚De
145 2192 285 2254 fulcireei
307 2191 346 2251 de
368 2192 522 2258 stamund.

80 2296 125 2356 De
145 2294 218 2356 liliis
239 2291 382 2374 legitimis
403 2293 552 2354 fulcireei.

83 2397 199 2458 Omnes
221 2393 323 2456 liberti
344 2393 612 2474 longobardorum
634 2395 752 2476 legibus
774 2394 889 2459 uiuant.

81 2499 128 2558 De
148 2507 233 2559 terra
255 2497 296 2558 ad
318 2495 526 2578 edificandum
548 2503 729 2576 conparata.

80 2600 127 2660 De
150 2597 348 2679 quinquennii
370 2596 582 2677 possessione.

80 2702 128 2761 De
149 2689 292 2782 aeligyid.

81 2803 128 2863 De
149 2801 304 2882 mancipio
325 2800 452 2864 lebroso
475 2802 525 2862 uel
548 2802 743 2863 demoniaco.

81 2906 129 2966 De
151 2903 262 2965 aneilla
284 2910 399 2982 empta.

81 3006 129 3066 De
151 3004 272 3067 caballo
296 3012 410 3083 empto.
430 3022 433 3028 ·

81 3107 129 3166 De
149 3125 214 3167 nen
235 3104 328 3165 licere
350 3106 389 3165 de
411 3124 504 3167 seruo
528 3104 642 3185 aliquid
666 3124 849 3186 conparare.

83 3206 191 3268 Licere
214 3205 367 3269 massario
390 3206 543 3286 peculium
564 3205 728 3267 insociare.

83 3310 131 3370 De
153 3307 340 3370 uindielione
362 3307 434 3369 aldii
455 3306 567 3373 illicita.

83 3412 131 3472 De
153 3409 261 3472 euulso
283 3408 427 3473 termino.

85 3512 117 3574 si
139 3531 248 3575 seruus
271 3511 333 3599 hoe
354 3511 471 3576 lecerit.

84 3614 132 3675 De
153 3612 304 3676 leelatura
325 3611 375 3672 uel
397 3611 517 3676 snaida.

87 3715 120 3777 Si
141 3734 251 3778 seruus
272 3714 304 3774 id
326 3712 442 3778 feeerit.

86 3817 133 3878 De
155 3823 282 3877 moneta
303 3814 393 3882 falsa.

86 3919 134 3981 De
155 3917 308 3998 scriptura
328 3917 417 3982 salsa.

88 4023 135 4083 De
157 4040 267 4103 gressu
288 4037 382 4099 super
403 4037 524 4079 murum
547 4018 586 4078 de
608 4023 724 4084 castro.

90 4236 110 4307 ¹)
130 4236 212 4306 Haec,
232 4239 259 4290 in
278 4232 397 4289 Goliano
417 4237 521 4304 omissa,
542 4247 578 4288 esc
597 4231 764 4301 Eporediam
784 4234 873 4287 codiee
892 4235 1062 4288 inseruimus.
