<?xml version="1.0" encoding="UTF-8"?>
<!DOCTYPE html PUBLIC "-//W3C//DTD XHTML 1.0 Transitional//EN"
    "http://www.w3.org/TR/xhtml1/DTD/xhtml1-transitional.dtd">
<html xmlns="http://www.w3.org/1999/xhtml" xml:lang="en" lang="en">
 <head>
  <title>
</title>
<meta http-equiv="Content-Type" content="text/html;charset=utf-8" />
  <meta name='ocr-system' content='tesseract 3.04.00' />
  <meta name='ocr-capabilities' content='ocr_page ocr_carea ocr_par ocr_line ocrx_word'/>
</head>
<body>
  <div class='ocr_page' id='page_1' title='image "./edictusceteraeq00bluhgoog_0030.png"; bbox 0 0 2574 4710; ppageno 0'>
   <div class='ocr_carea' id='block_1_1' title="bbox 135 313 999 406">
    <p class='ocr_par' dir='ltr' id='par_1_1' title="bbox 135 313 999 406">
     <span class='ocr_line' id='line_1_1' title="bbox 135 313 999 406; baseline 0.015 -33"><span class='ocrx_word' id='word_1_1' title='bbox 135 315 176 382; x_wconf 82' lang='lat'>18</span> <span class='ocrx_word' id='word_1_2' title='bbox 373 313 539 380; x_wconf 85' lang='lat' dir='ltr'>nurcrvs</span> <span class='ocrx_word' id='word_1_3' title='bbox 560 316 738 380; x_wconf 75' lang='lat' dir='ltr'>sornam</span> <span class='ocrx_word' id='word_1_4' title='bbox 760 316 999 406; x_wconf 62' lang='lat' dir='ltr'>carce-35.</span> 
     </span>
    </p>
   </div>
   <div class='ocr_carea' id='block_1_2' title="bbox 128 500 1252 4264">
    <p class='ocr_par' dir='ltr' id='par_1_2' title="bbox 134 500 1232 786">
     <span class='ocr_line' id='line_1_2' title="bbox 217 500 1232 582; baseline 0.008 -22"><span class='ocrx_word' id='word_1_5' title='bbox 217 502 269 567; x_wconf 85' lang='grc'>28.</span> <span class='ocrx_word' id='word_1_6' title='bbox 312 500 435 582; x_wconf 90' lang='lat' dir='ltr'>Siquis</span> <span class='ocrx_word' id='word_1_7' title='bbox 458 521 582 563; x_wconf 87' lang='lat' dir='ltr'>seruum</span> <span class='ocrx_word' id='word_1_8' title='bbox 605 501 739 564; x_wconf 89' lang='lat' dir='ltr'>alienum</span> <span class='ocrx_word' id='word_1_9' title='bbox 761 512 815 565; x_wconf 89' lang='lat' dir='ltr'>aut</span> <span class='ocrx_word' id='word_1_10' title='bbox 843 504 985 567; x_wconf 82' lang='lat' dir='ltr'>ancillam</span> <span class='ocrx_word' id='word_1_11' title='bbox 1013 525 1068 566; x_wconf 90' lang='lat' dir='ltr'>seu</span> <span class='ocrx_word' id='word_1_12' title='bbox 1088 505 1232 568; x_wconf 88' lang='lat' dir='ltr'>haldinm</span> 
     </span>
     <span class='ocr_line' id='line_1_3' title="bbox 135 602 1232 687; baseline 0.006 -22"><span class='ocrx_word' id='word_1_13' title='bbox 135 611 187 666; x_wconf 89' lang='lat' dir='ltr'>aut</span> <span class='ocrx_word' id='word_1_14' title='bbox 213 602 356 665; x_wconf 87' lang='lat' dir='ltr'>libertum</span> <span class='ocrx_word' id='word_1_15' title='bbox 385 604 468 665; x_wconf 90' lang='lat' dir='ltr'>uiam</span> <span class='ocrx_word' id='word_1_16' title='bbox 496 605 703 678; x_wconf 67' lang='lat' dir='ltr'>antestabant,</span> <span class='ocrx_word' id='word_1_17' title='bbox 734 605 841 687; x_wconf 89' lang='lat' dir='ltr'>uiginti</span> <span class='ocrx_word' id='word_1_18' title='bbox 862 607 982 669; x_wconf 89' lang='lat' dir='ltr'>solidos</span> <span class='ocrx_word' id='word_1_19' title='bbox 1005 608 1132 669; x_wconf 92' lang='lat' dir='ltr'>domino</span> <span class='ocrx_word' id='word_1_20' title='bbox 1164 611 1232 672; x_wconf 86' lang='lat' dir='ltr'>eius</span> 
     </span>
     <span class='ocr_line' id='line_1_4' title="bbox 134 713 300 786; baseline -0.006 -19"><span class='ocrx_word' id='word_1_21' title='bbox 134 713 300 786; x_wconf 77' lang='lat' dir='ltr'>conponat,</span> 
     </span>
    </p>

    <p class='ocr_par' dir='ltr' id='par_1_3' title="bbox 132 807 1233 1282">
     <span class='ocr_line' id='line_1_5' title="bbox 217 807 1233 893; baseline 0.007 -25"><span class='ocrx_word' id='word_1_22' title='bbox 217 812 269 874; x_wconf 81' lang='lat'>29.</span> <span class='ocrx_word' id='word_1_23' title='bbox 312 807 343 869; x_wconf 90' lang='lat' dir='ltr'>Si</span> <span class='ocrx_word' id='word_1_24' title='bbox 370 807 438 887; x_wconf 83' lang='lat' dir='ltr'>quis</span> <span class='ocrx_word' id='word_1_25' title='bbox 472 826 607 869; x_wconf 85' lang='lat' dir='ltr'><strong>messem</strong></span> <span class='ocrx_word' id='word_1_26' title='bbox 638 828 728 870; x_wconf 90' lang='lat' dir='ltr'>suam</span> <span class='ocrx_word' id='word_1_27' title='bbox 763 816 815 871; x_wconf 89' lang='lat' dir='ltr'>aut</span> <span class='ocrx_word' id='word_1_28' title='bbox 847 818 971 890; x_wconf 87' lang='lat' dir='ltr'>pratum</span> <span class='ocrx_word' id='word_1_29' title='bbox 1003 831 1060 874; x_wconf 89' lang='lat' dir='ltr'>seu</span> <span class='ocrx_word' id='word_1_30' title='bbox 1092 814 1233 893; x_wconf 92' lang='lat' dir='ltr'>qualibet</span> 
     </span>
     <span class='ocr_line' id='line_1_6' title="bbox 134 909 1232 990; baseline 0.007 -20"><span class='ocrx_word' id='word_1_31' title='bbox 134 911 278 972; x_wconf 89' lang='lat' dir='ltr'>clausura</span> <span class='ocrx_word' id='word_1_32' title='bbox 299 909 485 971; x_wconf 90' lang='lat' dir='ltr'>uindicanda</span> <span class='ocrx_word' id='word_1_33' title='bbox 500 909 618 970; x_wconf 89' lang='lat' dir='ltr'>homini</span> <span class='ocrx_word' id='word_1_34' title='bbox 640 911 841 990; x_wconf 81' lang='lat' dir='ltr'>prohibuerit,</span> <span class='ocrx_word' id='word_1_35' title='bbox 863 912 894 973; x_wconf 93' lang='lat' dir='ltr'>id</span> <span class='ocrx_word' id='word_1_36' title='bbox 917 921 965 975; x_wconf 86' lang='lat' dir='ltr'>est</span> <span class='ocrx_word' id='word_1_37' title='bbox 985 917 1179 977; x_wconf 89' lang='lat' dir='ltr'>antesteterit</span> <span class='ocrx_word' id='word_1_38' title='bbox 1198 925 1232 978; x_wconf 94' lang='lat' dir='ltr'>ut</span> 
     </span>
     <span class='ocr_line' id='line_1_7' title="bbox 132 1012 1228 1096; baseline 0.007 -24"><span class='ocrx_word' id='word_1_39' title='bbox 132 1032 195 1073; x_wconf 93' lang='lat' dir='ltr'>non</span> <span class='ocrx_word' id='word_1_40' title='bbox 222 1012 424 1092; x_wconf 81' lang='lat' dir='ltr'>ingrediatur,</span> <span class='ocrx_word' id='word_1_41' title='bbox 454 1012 579 1074; x_wconf 93' lang='lat' dir='ltr'>nonsit</span> <span class='ocrx_word' id='word_1_42' title='bbox 604 1013 773 1093; x_wconf 83' lang='lat' dir='ltr'>culpabiles</span> <span class='ocrx_word' id='word_1_43' title='bbox 804 1013 882 1075; x_wconf 92' lang='lat' dir='ltr'>sicut</span> <span class='ocrx_word' id='word_1_44' title='bbox 912 1015 962 1075; x_wconf 92' lang='lat' dir='ltr'>ille</span> <span class='ocrx_word' id='word_1_45' title='bbox 991 1017 1043 1096; x_wconf 90' lang='lat' dir='ltr'>qui</span> <span class='ocrx_word' id='word_1_46' title='bbox 1065 1018 1228 1080; x_wconf 90' lang='lat' dir='ltr'>hominem</span> 
     </span>
     <span class='ocr_line' id='line_1_8' title="bbox 133 1115 1228 1199; baseline 0.005 -23"><span class='ocrx_word' id='word_1_47' title='bbox 133 1115 328 1195; x_wconf 88' lang='lat' dir='ltr'>sempleciter</span> <span class='ocrx_word' id='word_1_48' title='bbox 347 1115 431 1177; x_wconf 94' lang='lat' dir='ltr'>uiam</span> <span class='ocrx_word' id='word_1_49' title='bbox 453 1116 664 1177; x_wconf 81' lang='lat' dir='ltr'>ambulantem</span> <span class='ocrx_word' id='word_1_50' title='bbox 687 1116 892 1189; x_wconf 87' lang='lat' dir='ltr'>antesteterit,</span> <span class='ocrx_word' id='word_1_51' title='bbox 916 1137 954 1179; x_wconf 89' lang='lat' dir='ltr'>eo</span> <span class='ocrx_word' id='word_1_52' title='bbox 979 1120 1062 1199; x_wconf 92' lang='lat' dir='ltr'>quod</span> <span class='ocrx_word' id='word_1_53' title='bbox 1084 1119 1228 1182; x_wconf 89' lang='lat' dir='ltr'>laborem</span> 
     </span>
     <span class='ocr_line' id='line_1_9' title="bbox 133 1217 418 1282; baseline 0.007 -3"><span class='ocrx_word' id='word_1_54' title='bbox 133 1238 222 1280; x_wconf 91' lang='lat' dir='ltr'>suum</span> <span class='ocrx_word' id='word_1_55' title='bbox 243 1217 418 1282; x_wconf 78' lang='lat' dir='ltr'>uindicauit.</span> 
     </span>
    </p>

    <p class='ocr_par' dir='ltr' id='par_1_4' title="bbox 133 1318 1229 1810">
     <span class='ocr_line' id='line_1_10' title="bbox 217 1318 1229 1401; baseline 0.006 -21"><span class='ocrx_word' id='word_1_56' title='bbox 217 1321 269 1387; x_wconf 82' lang='lat'>30.</span> <span class='ocrx_word' id='word_1_57' title='bbox 310 1321 357 1381; x_wconf 90' lang='lat' dir='ltr'>De</span> <span class='ocrx_word' id='word_1_58' title='bbox 379 1318 662 1384; x_wconf 86' lang='lat' dir='ltr'>marah-uuoriin.</span> <span class='ocrx_word' id='word_1_59' title='bbox 712 1318 744 1380; x_wconf 86' lang='lat' dir='ltr'>Si</span> <span class='ocrx_word' id='word_1_60' title='bbox 766 1320 832 1401; x_wconf 90' lang='lat' dir='ltr'>quis</span> <span class='ocrx_word' id='word_1_61' title='bbox 855 1320 1014 1382; x_wconf 88' lang='lat' dir='ltr'>hominem</span> <span class='ocrx_word' id='word_1_62' title='bbox 1036 1324 1168 1384; x_wconf 88' lang='lat' dir='ltr'>liberum</span> <span class='ocrx_word' id='word_1_63' title='bbox 1192 1327 1229 1387; x_wconf 90' lang='lat' dir='ltr'>de</span> 
     </span>
     <span class='ocr_line' id='line_1_11' title="bbox 135 1421 1228 1506; baseline 0.005 -22"><span class='ocrx_word' id='word_1_64' title='bbox 135 1424 259 1484; x_wconf 90' lang='lat' dir='ltr'>cauallo</span> <span class='ocrx_word' id='word_1_65' title='bbox 281 1422 312 1483; x_wconf 90' lang='lat' dir='ltr'>in</span> <span class='ocrx_word' id='word_1_66' title='bbox 328 1430 412 1483; x_wconf 89' lang='lat' dir='ltr'>terra</span> <span class='ocrx_word' id='word_1_67' title='bbox 427 1421 589 1484; x_wconf 87' lang='lat' dir='ltr'>iactauerit</span> <span class='ocrx_word' id='word_1_68' title='bbox 610 1439 667 1501; x_wconf 88' lang='lat' dir='ltr'>per</span> <span class='ocrx_word' id='word_1_69' title='bbox 688 1421 825 1500; x_wconf 88' lang='lat' dir='ltr'>quolibet</span> <span class='ocrx_word' id='word_1_70' title='bbox 846 1422 968 1503; x_wconf 89' lang='lat' dir='ltr'>ingenio</span> <span class='ocrx_word' id='word_1_71' title='bbox 984 1425 1089 1506; x_wconf 92' lang='lat' dir='ltr'>iniquo</span> <span class='ocrx_word' id='word_1_72' title='bbox 1113 1427 1228 1500; x_wconf 92' lang='lat' dir='ltr'>animo,</span> 
     </span>
     <span class='ocr_line' id='line_1_12' title="bbox 134 1523 1229 1606; baseline 0.005 -20"><span class='ocrx_word' id='word_1_73' title='bbox 134 1524 290 1605; x_wconf 87' lang='lat' dir='ltr'>octuginta</span> <span class='ocrx_word' id='word_1_74' title='bbox 319 1525 437 1586; x_wconf 73' lang='lat' dir='ltr'>solidas</span> <span class='ocrx_word' id='word_1_75' title='bbox 467 1523 494 1585; x_wconf 89' lang='lat' dir='ltr'>ei</span> <span class='ocrx_word' id='word_1_76' title='bbox 528 1530 699 1602; x_wconf 83' lang='lat' dir='ltr'>conponat3</span> <span class='ocrx_word' id='word_1_77' title='bbox 735 1531 765 1584; x_wconf 89' lang='lat' dir='ltr'>et</span> <span class='ocrx_word' id='word_1_78' title='bbox 798 1524 824 1586; x_wconf 92' lang='lat' dir='ltr'>si</span> <span class='ocrx_word' id='word_1_79' title='bbox 853 1525 990 1606; x_wconf 89' lang='lat' dir='ltr'>aliquam</span> <span class='ocrx_word' id='word_1_80' title='bbox 1019 1528 1171 1590; x_wconf 85' lang='lat' dir='ltr'>lesionem</span> <span class='ocrx_word' id='word_1_81' title='bbox 1202 1531 1229 1591; x_wconf 89' lang='lat' dir='ltr'>ci</span> 
     </span>
     <span class='ocr_line' id='line_1_13' title="bbox 133 1625 1228 1716; baseline 0.01 -29"><span class='ocrx_word' id='word_1_82' title='bbox 133 1627 254 1698; x_wconf 86' lang='lat' dir='ltr'>fecerit,</span> <span class='ocrx_word' id='word_1_83' title='bbox 284 1627 361 1689; x_wconf 86' lang='lat' dir='ltr'>sicut</span> <span class='ocrx_word' id='word_1_84' title='bbox 387 1627 418 1686; x_wconf 91' lang='lat' dir='ltr'>in</span> <span class='ocrx_word' id='word_1_85' title='bbox 440 1626 502 1688; x_wconf 93' lang='lat' dir='ltr'>hoc</span> <span class='ocrx_word' id='word_1_86' title='bbox 523 1625 656 1685; x_wconf 88' lang='lat' dir='ltr'>edictum</span> <span class='ocrx_word' id='word_1_87' title='bbox 679 1626 834 1687; x_wconf 84' lang='lat' dir='ltr'>adnexum</span> <span class='ocrx_word' id='word_1_88' title='bbox 864 1636 911 1689; x_wconf 87' lang='lat' dir='ltr'>est</span> <span class='ocrx_word' id='word_1_89' title='bbox 939 1629 1020 1713; x_wconf 85' lang='lat' dir='ltr'>[cop.</span> <span class='ocrx_word' id='word_1_90' title='bbox 1049 1632 1228 1716; x_wconf 77' lang='lat'><strong>45...128]</strong></span> 
     </span>
     <span class='ocr_line' id='line_1_14' title="bbox 134 1735 300 1810; baseline 0.024 -19"><span class='ocrx_word' id='word_1_91' title='bbox 134 1735 300 1810; x_wconf 84' lang='lat' dir='ltr'>conponat.</span> 
     </span>
    </p>

    <p class='ocr_par' dir='ltr' id='par_1_5' title="bbox 133 1829 1226 2219">
     <span class='ocr_line' id='line_1_15' title="bbox 217 1829 1226 1911; baseline 0.004 -19"><span class='ocrx_word' id='word_1_92' title='bbox 217 1834 268 1898; x_wconf 84' lang='grc'>31.</span> <span class='ocrx_word' id='word_1_93' title='bbox 316 1831 364 1892; x_wconf 86' lang='grc' dir='ltr'>Ι)θ</span> <span class='ocrx_word' id='word_1_94' title='bbox 380 1831 583 1911; x_wconf 90' lang='lat' dir='ltr'>·nualopaus.</span> <span class='ocrx_word' id='word_1_95' title='bbox 640 1829 671 1890; x_wconf 88' lang='lat' dir='ltr'>Si</span> <span class='ocrx_word' id='word_1_96' title='bbox 701 1829 769 1909; x_wconf 88' lang='lat' dir='ltr'>quis</span> <span class='ocrx_word' id='word_1_97' title='bbox 802 1829 921 1891; x_wconf 92' lang='lat' dir='ltr'>homini</span> <span class='ocrx_word' id='word_1_98' title='bbox 949 1831 1049 1893; x_wconf 92' lang='lat' dir='ltr'>libero</span> <span class='ocrx_word' id='word_1_99' title='bbox 1079 1833 1226 1897; x_wconf 87' lang='lat' dir='ltr'>uiolentia</span> 
     </span>
     <span class='ocr_line' id='line_1_16' title="bbox 133 1931 1226 2017; baseline 0.005 -23"><span class='ocrx_word' id='word_1_100' title='bbox 133 1935 244 1997; x_wconf 89' lang='lat' dir='ltr'>iniuste</span> <span class='ocrx_word' id='word_1_101' title='bbox 258 1933 373 2006; x_wconf 84' lang='lat' dir='ltr'>lecerit,</span> <span class='ocrx_word' id='word_1_102' title='bbox 395 1932 426 1992; x_wconf 93' lang='lat' dir='ltr'>id</span> <span class='ocrx_word' id='word_1_103' title='bbox 442 1940 489 1995; x_wconf 86' lang='lat' dir='ltr'>est</span> <span class='ocrx_word' id='word_1_104' title='bbox 503 1931 685 2011; x_wconf 87' lang='lat' dir='ltr'>uualopaus‚</span> <span class='ocrx_word' id='word_1_105' title='bbox 701 1940 866 2012; x_wconf 85' lang='lat' dir='ltr'>octogenta</span> <span class='ocrx_word' id='word_1_106' title='bbox 880 1933 998 1996; x_wconf 92' lang='lat' dir='ltr'>solidos</span> <span class='ocrx_word' id='word_1_107' title='bbox 1015 1935 1043 1995; x_wconf 92' lang='lat' dir='ltr'>ei</span> <span class='ocrx_word' id='word_1_108' title='bbox 1058 1946 1226 2017; x_wconf 93' lang='lat' dir='ltr'>conponat.</span> 
     </span>
     <span class='ocr_line' id='line_1_17' title="bbox 133 2033 1225 2118; baseline 0.002 -20"><span class='ocrx_word' id='word_1_109' title='bbox 133 2036 310 2118; x_wconf 88' lang='lat' dir='ltr'>Walopaus</span> <span class='ocrx_word' id='word_1_110' title='bbox 333 2043 389 2107; x_wconf 79' lang='lat' dir='ltr'>est,</span> <span class='ocrx_word' id='word_1_111' title='bbox 413 2034 465 2115; x_wconf 94' lang='lat' dir='ltr'>qui</span> <span class='ocrx_word' id='word_1_112' title='bbox 486 2053 521 2096; x_wconf 92' lang='lat' dir='ltr'>se</span> <span class='ocrx_word' id='word_1_113' title='bbox 541 2033 645 2095; x_wconf 88' lang='lat' dir='ltr'>furtim</span> <span class='ocrx_word' id='word_1_114' title='bbox 665 2033 882 2095; x_wconf 88' lang='lat' dir='ltr'>uestimentum</span> <span class='ocrx_word' id='word_1_115' title='bbox 904 2035 997 2096; x_wconf 90' lang='lat' dir='ltr'>alium</span> <span class='ocrx_word' id='word_1_116' title='bbox 1018 2037 1158 2112; x_wconf 87' lang='lat' dir='ltr'>induerit,</span> <span class='ocrx_word' id='word_1_117' title='bbox 1173 2047 1225 2100; x_wconf 90' lang='lat' dir='ltr'>aut</span> 
     </span>
     <span class='ocr_line' id='line_1_18' title="bbox 135 2134 1137 2219; baseline 0.003 -19"><span class='ocrx_word' id='word_1_118' title='bbox 135 2158 169 2201; x_wconf 87' lang='lat' dir='ltr'>se</span> <span class='ocrx_word' id='word_1_119' title='bbox 191 2145 283 2219; x_wconf 90' lang='lat' dir='ltr'>caput</span> <span class='ocrx_word' id='word_1_120' title='bbox 303 2137 505 2199; x_wconf 90' lang='lat' dir='ltr'>latrocinandi</span> <span class='ocrx_word' id='word_1_121' title='bbox 528 2134 632 2197; x_wconf 91' lang='lat' dir='ltr'>animo</span> <span class='ocrx_word' id='word_1_122' title='bbox 654 2142 707 2197; x_wconf 93' lang='lat' dir='ltr'>aut</span> <span class='ocrx_word' id='word_1_123' title='bbox 727 2135 837 2196; x_wconf 80' lang='lat' dir='ltr'>faciem</span> <span class='ocrx_word' id='word_1_124' title='bbox 859 2136 1137 2218; x_wconf 88' lang='lat' dir='ltr'>transfigurauerit.</span> 
     </span>
    </p>

    <p class='ocr_par' dir='ltr' id='par_1_6' title="bbox 133 2237 1229 2932">
     <span class='ocr_line' id='line_1_19' title="bbox 218 2237 1227 2311; baseline 0.005 -12"><span class='ocrx_word' id='word_1_125' title='bbox 218 2243 268 2306; x_wconf 85' lang='lat'>32.</span> <span class='ocrx_word' id='word_1_126' title='bbox 312 2240 358 2299; x_wconf 90' lang='lat' dir='ltr'>De</span> <span class='ocrx_word' id='word_1_127' title='bbox 379 2239 506 2299; x_wconf 89' lang='lat' dir='ltr'>homine</span> <span class='ocrx_word' id='word_1_128' title='bbox 521 2238 629 2311; x_wconf 86' lang='lat' dir='ltr'>libem,</span> <span class='ocrx_word' id='word_1_129' title='bbox 653 2237 678 2300; x_wconf 93' lang='lat' dir='ltr'>si</span> <span class='ocrx_word' id='word_1_130' title='bbox 694 2247 783 2299; x_wconf 90' lang='lat' dir='ltr'>nocte</span> <span class='ocrx_word' id='word_1_131' title='bbox 798 2238 829 2298; x_wconf 92' lang='lat' dir='ltr'>in</span> <span class='ocrx_word' id='word_1_132' title='bbox 845 2246 929 2300; x_wconf 93' lang='lat' dir='ltr'>curte</span> <span class='ocrx_word' id='word_1_133' title='bbox 947 2240 1071 2303; x_wconf 87' lang='lat' dir='ltr'>alterius</span> <span class='ocrx_word' id='word_1_134' title='bbox 1086 2241 1227 2304; x_wconf 89' lang='lat' dir='ltr'>inuentus</span> 
     </span>
     <span class='ocr_line' id='line_1_20' title="bbox 134 2339 1228 2424; baseline 0.001 -20"><span class='ocrx_word' id='word_1_135' title='bbox 134 2343 226 2404; x_wconf 84' lang='lat' dir='ltr'>luerit</span> <span class='ocrx_word' id='word_1_136' title='bbox 247 2350 277 2403; x_wconf 90' lang='lat' dir='ltr'>et</span> <span class='ocrx_word' id='word_1_137' title='bbox 297 2361 360 2403; x_wconf 90' lang='lat' dir='ltr'>non</span> <span class='ocrx_word' id='word_1_138' title='bbox 382 2343 460 2403; x_wconf 89' lang='lat' dir='ltr'>dans</span> <span class='ocrx_word' id='word_1_139' title='bbox 483 2360 594 2402; x_wconf 89' lang='lat' dir='ltr'>manus</span> <span class='ocrx_word' id='word_1_140' title='bbox 616 2341 656 2401; x_wconf 93' lang='lat' dir='ltr'>ad</span> <span class='ocrx_word' id='word_1_141' title='bbox 678 2339 844 2421; x_wconf 88' lang='lat' dir='ltr'>legandum</span> <span class='ocrx_word' id='word_1_142' title='bbox 867 2341 1040 2414; x_wconf 85' lang='lat' dir='ltr'>occidatur,</span> <span class='ocrx_word' id='word_1_143' title='bbox 1067 2362 1086 2403; x_wconf 90' lang='lat' dir='ltr'>a</span> <span class='ocrx_word' id='word_1_144' title='bbox 1107 2363 1228 2424; x_wconf 89' lang='lat' dir='ltr'>paren-</span> 
     </span>
     <span class='ocr_line' id='line_1_21' title="bbox 134 2443 1229 2529; baseline 0.001 -22"><span class='ocrx_word' id='word_1_145' title='bbox 134 2447 215 2507; x_wconf 92' lang='lat' dir='ltr'>tibus</span> <span class='ocrx_word' id='word_1_146' title='bbox 231 2464 294 2505; x_wconf 94' lang='lat' dir='ltr'>non</span> <span class='ocrx_word' id='word_1_147' title='bbox 309 2443 505 2529; x_wconf 80' lang='lat' dir='ltr'>requiratur.¹</span> <span class='ocrx_word' id='word_1_148' title='bbox 526 2443 566 2504; x_wconf 84' lang='lat' dir='ltr'>Et</span> <span class='ocrx_word' id='word_1_149' title='bbox 586 2443 612 2504; x_wconf 90' lang='lat' dir='ltr'>si</span> <span class='ocrx_word' id='word_1_150' title='bbox 635 2462 744 2504; x_wconf 91' lang='lat' dir='ltr'>manus</span> <span class='ocrx_word' id='word_1_151' title='bbox 760 2444 880 2504; x_wconf 90' lang='lat' dir='ltr'>dederit</span> <span class='ocrx_word' id='word_1_152' title='bbox 895 2445 934 2504; x_wconf 89' lang='lat' dir='ltr'>ad</span> <span class='ocrx_word' id='word_1_153' title='bbox 950 2444 1115 2525; x_wconf 87' lang='lat' dir='ltr'>legandum</span> <span class='ocrx_word' id='word_1_154' title='bbox 1131 2466 1176 2517; x_wconf 87' lang='lat' dir='ltr'>se,</span> <span class='ocrx_word' id='word_1_155' title='bbox 1199 2455 1229 2508; x_wconf 85' lang='lat' dir='ltr'>et</span> 
     </span>
     <span class='ocr_line' id='line_1_22' title="bbox 134 2545 1228 2628; baseline -0.002 -19"><span class='ocrx_word' id='word_1_156' title='bbox 134 2547 254 2628; x_wconf 88' lang='lat' dir='ltr'>legatus</span> <span class='ocrx_word' id='word_1_157' title='bbox 274 2545 375 2617; x_wconf 85' lang='lat' dir='ltr'>suerit,</span> <span class='ocrx_word' id='word_1_158' title='bbox 397 2546 441 2606; x_wconf 90' lang='lat' dir='ltr'>dit</span> <span class='ocrx_word' id='word_1_159' title='bbox 462 2564 521 2624; x_wconf 93' lang='lat' dir='ltr'>pro</span> <span class='ocrx_word' id='word_1_160' title='bbox 545 2563 579 2606; x_wconf 90' lang='lat' dir='ltr'>se</span> <span class='ocrx_word' id='word_1_161' title='bbox 602 2545 778 2625; x_wconf 83' lang='lat' dir='ltr'>octuaginta</span> <span class='ocrx_word' id='word_1_162' title='bbox 801 2545 933 2607; x_wconf 90' lang='lat' dir='ltr'>solidos:</span> <span class='ocrx_word' id='word_1_163' title='bbox 967 2546 1124 2626; x_wconf 90' lang='lat' dir='ltr'>quianon</span> <span class='ocrx_word' id='word_1_164' title='bbox 1147 2567 1228 2608; x_wconf 93' lang='lat' dir='ltr'>con-</span> 
     </span>
     <span class='ocr_line' id='line_1_23' title="bbox 135 2646 1228 2728; baseline -0.001 -18"><span class='ocrx_word' id='word_1_165' title='bbox 135 2649 218 2710; x_wconf 88' lang='lat' dir='ltr'>uenit</span> <span class='ocrx_word' id='word_1_166' title='bbox 243 2647 371 2720; x_wconf 87' lang='lat' dir='ltr'>rationi,</span> <span class='ocrx_word' id='word_1_167' title='bbox 400 2655 434 2708; x_wconf 93' lang='lat' dir='ltr'>ut</span> <span class='ocrx_word' id='word_1_168' title='bbox 460 2647 558 2708; x_wconf 93' lang='lat' dir='ltr'>homo</span> <span class='ocrx_word' id='word_1_169' title='bbox 585 2646 684 2708; x_wconf 90' lang='lat' dir='ltr'>noctis</span> <span class='ocrx_word' id='word_1_170' title='bbox 712 2655 854 2728; x_wconf 91' lang='lat' dir='ltr'>temporo</span> <span class='ocrx_word' id='word_1_171' title='bbox 882 2648 913 2709; x_wconf 90' lang='lat' dir='ltr'>in</span> <span class='ocrx_word' id='word_1_172' title='bbox 946 2655 1060 2709; x_wconf 88' lang='lat' dir='ltr'>curtem</span> <span class='ocrx_word' id='word_1_173' title='bbox 1093 2648 1228 2709; x_wconf 89' lang='lat' dir='ltr'>alienam</span> 
     </span>
     <span class='ocr_line' id='line_1_24' title="bbox 133 2747 1229 2831; baseline -0.002 -18"><span class='ocrx_word' id='word_1_174' title='bbox 133 2750 287 2813; x_wconf 89' lang='lat' dir='ltr'>silentium</span> <span class='ocrx_word' id='word_1_175' title='bbox 304 2756 356 2810; x_wconf 94' lang='lat' dir='ltr'>aut</span> <span class='ocrx_word' id='word_1_176' title='bbox 375 2751 528 2810; x_wconf 88' lang='lat' dir='ltr'>absconse</span> <span class='ocrx_word' id='word_1_177' title='bbox 549 2747 755 2829; x_wconf 87' lang='lat' dir='ltr'>ingrediatur;</span> <span class='ocrx_word' id='word_1_178' title='bbox 778 2750 833 2810; x_wconf 91' lang='lat' dir='ltr'>scd</span> <span class='ocrx_word' id='word_1_179' title='bbox 856 2750 880 2811; x_wconf 92' lang='lat' dir='ltr'>si</span> <span class='ocrx_word' id='word_1_180' title='bbox 904 2752 1127 2831; x_wconf 87' lang='lat' dir='ltr'>qualecumque</span> <span class='ocrx_word' id='word_1_181' title='bbox 1142 2752 1229 2813; x_wconf 89' lang='lat' dir='ltr'>utili-</span> 
     </span>
     <span class='ocr_line' id='line_1_25' title="bbox 133 2850 889 2932; baseline -0.004 -17"><span class='ocrx_word' id='word_1_182' title='bbox 133 2861 229 2915; x_wconf 88' lang='lat' dir='ltr'>tatem</span> <span class='ocrx_word' id='word_1_183' title='bbox 251 2852 355 2924; x_wconf 88' lang='lat' dir='ltr'>habet,</span> <span class='ocrx_word' id='word_1_184' title='bbox 378 2859 545 2931; x_wconf 90' lang='lat' dir='ltr'>antequam</span> <span class='ocrx_word' id='word_1_185' title='bbox 565 2850 756 2932; x_wconf 86' lang='lat' dir='ltr'>ingrediatur</span> <span class='ocrx_word' id='word_1_186' title='bbox 777 2852 889 2913; x_wconf 91' lang='lat' dir='ltr'>clamit.</span> 
     </span>
    </p>

    <p class='ocr_par' dir='ltr' id='par_1_7' title="bbox 132 2952 1227 3343">
     <span class='ocr_line' id='line_1_26' title="bbox 216 2952 1227 3035; baseline 0.004 -23"><span class='ocrx_word' id='word_1_187' title='bbox 216 2957 267 3020; x_wconf 87' lang='lat'>33.</span> <span class='ocrx_word' id='word_1_188' title='bbox 311 2952 342 3012; x_wconf 89' lang='lat' dir='ltr'>Si</span> <span class='ocrx_word' id='word_1_189' title='bbox 365 2973 473 3014; x_wconf 92' lang='lat' dir='ltr'>seruus</span> <span class='ocrx_word' id='word_1_190' title='bbox 496 2952 527 3012; x_wconf 97' lang='lat' dir='ltr'>in</span> <span class='ocrx_word' id='word_1_191' title='bbox 549 2960 634 3014; x_wconf 89' lang='lat' dir='ltr'>curte</span> <span class='ocrx_word' id='word_1_192' title='bbox 657 2953 758 3016; x_wconf 91' lang='lat' dir='ltr'>aliena</span> <span class='ocrx_word' id='word_1_193' title='bbox 786 2954 884 3016; x_wconf 90' lang='lat' dir='ltr'>noctis</span> <span class='ocrx_word' id='word_1_194' title='bbox 913 2961 1054 3035; x_wconf 90' lang='lat' dir='ltr'>tempore</span> <span class='ocrx_word' id='word_1_195' title='bbox 1082 2955 1227 3016; x_wconf 89' lang='lat' dir='ltr'>inuentus</span> 
     </span>
     <span class='ocr_line' id='line_1_27' title="bbox 132 3053 1225 3136; baseline -0.003 -17"><span class='ocrx_word' id='word_1_196' title='bbox 132 3057 233 3122; x_wconf 86' lang='lat' dir='ltr'>fuerit.</span> <span class='ocrx_word' id='word_1_197' title='bbox 256 3063 286 3117; x_wconf 89' lang='lat' dir='ltr'>et</span> <span class='ocrx_word' id='word_1_198' title='bbox 300 3074 362 3115; x_wconf 95' lang='lat' dir='ltr'>non</span> <span class='ocrx_word' id='word_1_199' title='bbox 378 3055 456 3116; x_wconf 90' lang='lat' dir='ltr'>dans</span> <span class='ocrx_word' id='word_1_200' title='bbox 472 3074 581 3116; x_wconf 89' lang='lat' dir='ltr'>manus</span> <span class='ocrx_word' id='word_1_201' title='bbox 597 3053 764 3129; x_wconf 85' lang='lat' dir='ltr'>occidatur,</span> <span class='ocrx_word' id='word_1_202' title='bbox 780 3076 842 3118; x_wconf 91' lang='lat' dir='ltr'>non</span> <span class='ocrx_word' id='word_1_203' title='bbox 858 3055 1033 3136; x_wconf 89' lang='lat' dir='ltr'>requiratur</span> <span class='ocrx_word' id='word_1_204' title='bbox 1048 3076 1066 3117; x_wconf 91' lang='lat' dir='ltr'>a</span> <span class='ocrx_word' id='word_1_205' title='bbox 1082 3056 1225 3130; x_wconf 89' lang='lat' dir='ltr'>domino;</span> 
     </span>
     <span class='ocr_line' id='line_1_28' title="bbox 133 3155 1227 3239; baseline -0.003 -18"><span class='ocrx_word' id='word_1_206' title='bbox 133 3167 164 3222; x_wconf 89' lang='lat' dir='ltr'>et</span> <span class='ocrx_word' id='word_1_207' title='bbox 184 3160 211 3222; x_wconf 91' lang='lat' dir='ltr'>si</span> <span class='ocrx_word' id='word_1_208' title='bbox 233 3179 342 3221; x_wconf 92' lang='lat' dir='ltr'>manus</span> <span class='ocrx_word' id='word_1_209' title='bbox 357 3156 477 3218; x_wconf 89' lang='lat' dir='ltr'>dederit</span> <span class='ocrx_word' id='word_1_210' title='bbox 499 3165 529 3218; x_wconf 92' lang='lat' dir='ltr'>et</span> <span class='ocrx_word' id='word_1_211' title='bbox 548 3155 668 3237; x_wconf 89' lang='lat' dir='ltr'>legatus</span> <span class='ocrx_word' id='word_1_212' title='bbox 689 3157 790 3232; x_wconf 84' lang='lat' dir='ltr'>fuerit,</span> <span class='ocrx_word' id='word_1_213' title='bbox 812 3160 921 3220; x_wconf 89' lang='lat' dir='ltr'>liberet</span> <span class='ocrx_word' id='word_1_214' title='bbox 943 3178 978 3221; x_wconf 91' lang='lat' dir='ltr'>se</span> <span class='ocrx_word' id='word_1_215' title='bbox 999 3178 1068 3219; x_wconf 91' lang='lat' dir='ltr'>cam</span> <span class='ocrx_word' id='word_1_216' title='bbox 1085 3159 1227 3239; x_wconf 86' lang='lat' dir='ltr'>quadra-</span> 
     </span>
     <span class='ocr_line' id='line_1_29' title="bbox 132 3261 374 3343; baseline -0.008 -21"><span class='ocrx_word' id='word_1_217' title='bbox 132 3269 224 3343; x_wconf 82' lang='lat' dir='ltr'>genta</span> <span class='ocrx_word' id='word_1_218' title='bbox 245 3261 374 3324; x_wconf 85' lang='lat' dir='ltr'>solidos.</span> 
     </span>
    </p>

    <p class='ocr_par' dir='ltr' id='par_1_8' title="bbox 130 3361 1228 3858">
     <span class='ocr_line' id='line_1_30' title="bbox 214 3361 1228 3443; baseline -0.002 -19"><span class='ocrx_word' id='word_1_219' title='bbox 214 3366 265 3429; x_wconf 85' lang='lat'>34.</span> <span class='ocrx_word' id='word_1_220' title='bbox 309 3363 341 3424; x_wconf 91' lang='lat' dir='ltr'>Si</span> <span class='ocrx_word' id='word_1_221' title='bbox 363 3361 429 3443; x_wconf 91' lang='lat' dir='ltr'>quis</span> <span class='ocrx_word' id='word_1_222' title='bbox 451 3361 482 3422; x_wconf 95' lang='lat' dir='ltr'>in</span> <span class='ocrx_word' id='word_1_223' title='bbox 504 3369 589 3423; x_wconf 89' lang='lat' dir='ltr'>curte</span> <span class='ocrx_word' id='word_1_224' title='bbox 611 3362 711 3424; x_wconf 89' lang='lat' dir='ltr'>aliena</span> <span class='ocrx_word' id='word_1_225' title='bbox 732 3364 812 3425; x_wconf 91' lang='lat' dir='ltr'>irato</span> <span class='ocrx_word' id='word_1_226' title='bbox 835 3363 939 3424; x_wconf 89' lang='lat' dir='ltr'>animo</span> <span class='ocrx_word' id='word_1_227' title='bbox 963 3362 1156 3443; x_wconf 87' lang='lat' dir='ltr'>sagittauerit</span> <span class='ocrx_word' id='word_1_228' title='bbox 1174 3371 1228 3423; x_wconf 90' lang='lat' dir='ltr'>aut</span> 
     </span>
     <span class='ocr_line' id='line_1_31' title="bbox 131 3464 1226 3545; baseline -0.002 -18"><span class='ocrx_word' id='word_1_229' title='bbox 131 3467 232 3528; x_wconf 84' lang='lat' dir='ltr'>lancia</span> <span class='ocrx_word' id='word_1_230' title='bbox 260 3466 434 3537; x_wconf 91' lang='lat' dir='ltr'>iactauerit‚</span> <span class='ocrx_word' id='word_1_231' title='bbox 464 3472 517 3526; x_wconf 89' lang='lat' dir='ltr'>aut</span> <span class='ocrx_word' id='word_1_232' title='bbox 546 3465 586 3524; x_wconf 88' lang='lat' dir='ltr'>dc</span> <span class='ocrx_word' id='word_1_233' title='bbox 612 3464 690 3527; x_wconf 86' lang='lat' dir='ltr'>foris</span> <span class='ocrx_word' id='word_1_234' title='bbox 718 3484 793 3545; x_wconf 84' lang='lat' dir='ltr'>sepe</span> <span class='ocrx_word' id='word_1_235' title='bbox 823 3464 916 3525; x_wconf 89' lang='lat' dir='ltr'>alium</span> <span class='ocrx_word' id='word_1_236' title='bbox 945 3465 1118 3545; x_wconf 85' lang='lat' dir='ltr'>plagauorit</span> <span class='ocrx_word' id='word_1_237' title='bbox 1144 3465 1226 3525; x_wconf 88' lang='lat' dir='ltr'>intra</span> 
     </span>
     <span class='ocr_line' id='line_1_32' title="bbox 132 3565 1226 3647; baseline 0 -19"><span class='ocrx_word' id='word_1_238' title='bbox 132 3577 273 3641; x_wconf 91' lang='lat' dir='ltr'>curtem,</span> <span class='ocrx_word' id='word_1_239' title='bbox 318 3575 475 3647; x_wconf 89' lang='lat' dir='ltr'>conponat</span> <span class='ocrx_word' id='word_1_240' title='bbox 515 3567 632 3628; x_wconf 91' lang='lat' dir='ltr'>solidos</span> <span class='ocrx_word' id='word_1_241' title='bbox 669 3566 794 3646; x_wconf 81' lang='lat' dir='ltr'>uiginti3</span> <span class='ocrx_word' id='word_1_242' title='bbox 843 3573 973 3646; x_wconf 82' lang='lat' dir='ltr'>excepto</span> <span class='ocrx_word' id='word_1_243' title='bbox 1002 3565 1226 3646; x_wconf 80' lang='lat' dir='ltr'>conpositionis</span> 
     </span>
     <span class='ocr_line' id='line_1_33' title="bbox 130 3667 1226 3751; baseline -0.003 -20"><span class='ocrx_word' id='word_1_244' title='bbox 130 3670 290 3751; x_wconf 91' lang='lat' dir='ltr'>placarum</span> <span class='ocrx_word' id='word_1_245' title='bbox 313 3677 367 3731; x_wconf 89' lang='lat' dir='ltr'>aut</span> <span class='ocrx_word' id='word_1_246' title='bbox 386 3667 493 3730; x_wconf 86' lang='lat' dir='ltr'>feritas</span> <span class='ocrx_word' id='word_1_247' title='bbox 515 3669 541 3730; x_wconf 89' lang='lat' dir='ltr'>si</span> <span class='ocrx_word' id='word_1_248' title='bbox 568 3667 694 3740; x_wconf 87' lang='lat' dir='ltr'>fecerit,</span> <span class='ocrx_word' id='word_1_249' title='bbox 727 3668 805 3730; x_wconf 91' lang='lat' dir='ltr'>sicut</span> <span class='ocrx_word' id='word_1_250' title='bbox 825 3667 856 3728; x_wconf 94' lang='lat' dir='ltr'>in</span> <span class='ocrx_word' id='word_1_251' title='bbox 877 3669 939 3730; x_wconf 93' lang='lat' dir='ltr'>hoc</span> <span class='ocrx_word' id='word_1_252' title='bbox 960 3669 1093 3730; x_wconf 92' lang='lat' dir='ltr'>edictum</span> <span class='ocrx_word' id='word_1_253' title='bbox 1114 3667 1226 3748; x_wconf 86' lang='lat' dir='ltr'>legitur</span> 
     </span>
     <span class='ocr_line' id='line_1_34' title="bbox 131 3770 613 3858; baseline -0.012 -22"><span class='ocrx_word' id='word_1_254' title='bbox 131 3773 213 3858; x_wconf 84' lang='lat' dir='ltr'>[cup.</span> <span class='ocrx_word' id='word_1_255' title='bbox 235 3770 412 3856; x_wconf 80' lang='lat' dir='ltr'>43...1ae]</span> <span class='ocrx_word' id='word_1_256' title='bbox 435 3771 613 3850; x_wconf 62' lang='lat' dir='ltr'>persoluat.</span> 
     </span>
    </p>

    <p class='ocr_par' dir='ltr' id='par_1_9' title="bbox 128 3870 1252 4264">
     <span class='ocr_line' id='line_1_35' title="bbox 211 3870 1223 3952; baseline -0.001 -18"><span class='ocrx_word' id='word_1_257' title='bbox 211 3877 262 3941; x_wconf 88' lang='lat'>35.</span> <span class='ocrx_word' id='word_1_258' title='bbox 304 3874 351 3934; x_wconf 92' lang='lat' dir='ltr'>De</span> <span class='ocrx_word' id='word_1_259' title='bbox 373 3872 562 3934; x_wconf 88' lang='lat' dir='ltr'>scandalum.</span> <span class='ocrx_word' id='word_1_260' title='bbox 596 3870 629 3930; x_wconf 90' lang='lat' dir='ltr'>Si</span> <span class='ocrx_word' id='word_1_261' title='bbox 650 3870 718 3951; x_wconf 90' lang='lat' dir='ltr'>quis</span> <span class='ocrx_word' id='word_1_262' title='bbox 733 3871 762 3932; x_wconf 95' lang='lat' dir='ltr'>in</span> <span class='ocrx_word' id='word_1_263' title='bbox 780 3872 908 3934; x_wconf 90' lang='lat' dir='ltr'>ecclesia</span> <span class='ocrx_word' id='word_1_264' title='bbox 924 3873 1105 3935; x_wconf 88' lang='lat' dir='ltr'>scandalum</span> <span class='ocrx_word' id='word_1_265' title='bbox 1120 3892 1223 3952; x_wconf 90' lang='lat' dir='ltr'>pene-</span> 
     </span>
     <span class='ocr_line' id='line_1_36' title="bbox 128 3972 1223 4056; baseline -0.003 -19"><span class='ocrx_word' id='word_1_266' title='bbox 128 3977 273 4048; x_wconf 86' lang='lat' dir='ltr'>trauerit,</span> <span class='ocrx_word' id='word_1_267' title='bbox 296 3976 509 4056; x_wconf 80' lang='lat' dir='ltr'>quadragenta</span> <span class='ocrx_word' id='word_1_268' title='bbox 532 3972 649 4036; x_wconf 91' lang='lat' dir='ltr'>solidos</span> <span class='ocrx_word' id='word_1_269' title='bbox 676 3973 771 4053; x_wconf 93' lang='lat' dir='ltr'>ipsius</span> <span class='ocrx_word' id='word_1_270' title='bbox 802 3975 987 4038; x_wconf 91' lang='lat' dir='ltr'>uenerabilis</span> <span class='ocrx_word' id='word_1_271' title='bbox 1008 3975 1069 4036; x_wconf 92' lang='lat' dir='ltr'>loci</span> <span class='ocrx_word' id='word_1_272' title='bbox 1092 3975 1132 4036; x_wconf 91' lang='lat' dir='ltr'>sit</span> <span class='ocrx_word' id='word_1_273' title='bbox 1153 3974 1223 4035; x_wconf 91' lang='lat' dir='ltr'>cul-</span> 
     </span>
     <span class='ocr_line' id='line_1_37' title="bbox 128 4075 1223 4160; baseline -0.005 -19"><span class='ocrx_word' id='word_1_274' title='bbox 128 4079 264 4160; x_wconf 90' lang='lat' dir='ltr'>pauelis‚</span> <span class='ocrx_word' id='word_1_275' title='bbox 291 4085 420 4157; x_wconf 80' lang='lat' dir='ltr'>excepto</span> <span class='ocrx_word' id='word_1_276' title='bbox 450 4077 558 4158; x_wconf 88' lang='lat' dir='ltr'>plagas</span> <span class='ocrx_word' id='word_1_277' title='bbox 581 4083 634 4137; x_wconf 92' lang='lat' dir='ltr'>aut</span> <span class='ocrx_word' id='word_1_278' title='bbox 660 4075 766 4138; x_wconf 83' lang='lat' dir='ltr'>feritas</span> <span class='ocrx_word' id='word_1_279' title='bbox 795 4076 842 4138; x_wconf 93' lang='lat' dir='ltr'>cui</span> <span class='ocrx_word' id='word_1_280' title='bbox 870 4077 985 4138; x_wconf 84' lang='lat' dir='ltr'>lecerit.</span> <span class='ocrx_word' id='word_1_281' title='bbox 1033 4077 1072 4138; x_wconf 90' lang='lat' dir='ltr'>Et</span> <span class='ocrx_word' id='word_1_282' title='bbox 1092 4077 1223 4157; x_wconf 88' lang='lat' dir='ltr'>predicti</span> 
     </span>
     <span class='ocr_line' id='line_1_38' title="bbox 129 4177 1252 4264; baseline -0.004 -21"><span class='ocrx_word' id='word_1_283' title='bbox 129 4182 342 4264; x_wconf 90' lang='lat' dir='ltr'>quadragenta</span> <span class='ocrx_word' id='word_1_284' title='bbox 371 4180 461 4242; x_wconf 89' lang='lat' dir='ltr'>solidi</span> <span class='ocrx_word' id='word_1_285' title='bbox 492 4198 547 4260; x_wconf 93' lang='lat' dir='ltr'>per</span> <span class='ocrx_word' id='word_1_286' title='bbox 578 4177 734 4241; x_wconf 89' lang='lat' dir='ltr'>sculdhais</span> <span class='ocrx_word' id='word_1_287' title='bbox 766 4187 818 4240; x_wconf 91' lang='lat' dir='ltr'>aut</span> <span class='ocrx_word' id='word_1_288' title='bbox 846 4179 977 4240; x_wconf 91' lang='lat' dir='ltr'>iudicem</span> <span class='ocrx_word' id='word_1_289' title='bbox 1010 4178 1061 4258; x_wconf 93' lang='lat' dir='ltr'>qui</span> <span class='ocrx_word' id='word_1_290' title='bbox 1090 4178 1121 4238; x_wconf 92' lang='lat' dir='ltr'>in</span> <span class='ocrx_word' id='word_1_291' title='bbox 1149 4178 1221 4239; x_wconf 94' lang='lat' dir='ltr'>loco</span> <span class='ocrx_word' id='word_1_292' title='bbox 1247 4249 1252 4258; x_wconf 85' lang='lat'><strong>.</strong></span> 
     </span>
    </p>
   </div>
   <div class='ocr_carea' id='block_1_3' title="bbox 0 0 1292 4710">
    <p class='ocr_par' dir='ltr' id='par_1_10' title="bbox 0 0 1292 4710">
     <span class='ocr_line' id='line_1_39' title="bbox 0 0 1292 4710; baseline 0 1"><span class='ocrx_word' id='word_1_293' title='bbox 0 0 1292 4710; x_wconf 95' lang='lat' dir='ltr'> </span> 
     </span>
    </p>
   </div>
  </div>
 </body>
</html>
