2574 4710
106 313 166 379 133
208 313 446 376 numanam
466 314 591 375 nanas
613 314 707 375 anal
728 314 826 379 xvn.
849 315 932 380 aar.
959 318 1125 383 toa-108.
1218 338 1220 357 ι

106 516 216 577 omnes
238 498 345 571 homo,
369 498 422 578 qui
443 497 517 571 uult,
539 498 671 578 accipiat
685 517 816 560 onorem
836 498 1025 579 legetimam,
1046 519 1178 564 namuon

104 600 243 662 inlecitus
272 607 416 662 contraat
444 600 577 680 nuptias.
635 601 669 661 si
700 608 804 661 autem
833 601 946 663 fratres
976 621 1040 662 non
1062 609 1176 676 suntet

104 702 242 782 parentis
264 702 431 783 propinqui
451 702 587 776 luerent,
611 703 663 783 qui
684 710 855 782 potueruut
874 702 1019 783 legetime
1041 703 1081 765 ad
1100 703 1177 766 herc-

105 804 232 866 ditatem
255 784 370 877 uenire,
393 811 424 866 et
445 824 546 884 usque
562 806 656 866 modo
675 812 847 877 tacuerunt,
869 812 994 866 taceant
1014 811 1045 868 31
1064 805 1177 881 inantea,

105 913 136 968 et
156 905 273 966 nullam
302 905 441 967 habeant
469 914 577 967 contra
605 926 677 981 eos,
711 907 764 986 qui
790 906 967 987 possident,
997 927 1054 988 per
1074 906 1175 987 triginta

104 1027 204 1069 annos
232 1008 413 1089 legundiam
444 1007 611 1088 loquendi,
645 1008 796 1081 dicendo,
831 1010 916 1089 quod
946 1008 1101 1070 exhereda
1123 1028 1176 1072 esse

104 1110 254 1186 debeant3
287 1110 345 1172 nisi
368 1111 452 1191 quod
474 1129 531 1190 per
556 1109 680 1190 triginta
708 1127 808 1171 annos
830 1111 1056 1191 possederunt,
1082 1107 1177 1190 possc-

104 1213 206 1277 deant.

190 1335 259 1398 106.
281 1331 331 1394 111.
376 1332 407 1392 Si
430 1332 498 1412 quis
521 1332 645 1392 aldiane
660 1330 794 1392 alienam
817 1340 871 1394 ant
892 1351 983 1394 suam
1005 1331 1046 1392 ad
1067 1350 1175 1392 333333

102 1435 213 1496 tollere
227 1435 369 1508 uoluerit,
392 1434 487 1495 faciat
508 1452 579 1494 eam
603 1433 800 1507 uuiderbora,
823 1435 902 1496 sicut
923 1434 1042 1495 edictus
1064 1435 1177 1495 contenit

104 1537 204 1622 [nota.
233 1535 305 1620 222]
337 1536 376 1595 de
405 1535 557 1597 ancillam.
616 1534 696 1596 Nam
726 1536 778 1618 qui
808 1536 874 1597 sine
900 1535 971 1615 ipsa
1001 1535 1175 1596 ordinatione
1218 1610 1220 1617 Ι

103 1656 174 1699 eam
190 1637 279 1717 quasi
301 1656 431 1698 onorem
452 1637 606 1709 habuerit,
628 1635 684 1696 filii
706 1637 759 1717 qui
781 1655 879 1698 exea
901 1636 966 1698 3311
986 1637 1177 1712 fuerentncn

102 1740 164 1802 sint
183 1738 327 1820 legetimi,
350 1740 405 1801 sed
427 1738 588 1804 naturalis.
1218 1742 1220 1747 '

187 1877 348 1945 107.1111.
395 1876 429 1936 Si
464 1878 570 1956 plures
605 1876 749 1938 homenis
785 1877 936 1938 cartolam
973 1880 1178 1942 conuenentiac

100 1981 181 2044 inter
203 1999 238 2043 se
259 1980 410 2052 fecerent,
443 1986 474 2039 et
497 1998 599 2061 poena
623 1979 797 2060 posuerint,
831 1986 862 2039 et
882 1986 993 2059 postea
1016 2002 1094 2044 unus
1115 1983 1179 2046 duos

102 2092 155 2146 aut
186 2090 250 2145 tres
284 2081 334 2143 uel
368 2080 500 2160 amplius
531 2101 565 2142 se
596 2081 635 2141 de
663 2081 733 2161 ipsa
762 2081 1001 2143 conuenentiam
1035 2087 1181 2146 subtraere

100 2185 265 2248 noluerent
286 2191 338 2245 aut
360 2202 464 2263 poena
486 2189 664 2261 rupperent‚
687 2182 980 2264 unusquisqueper
1001 2195 1096 2266 caput
1115 2205 1181 2248 con-

100 2294 199 2368 ponat
212 2286 282 2365 ipsa
296 2304 409 2364 poena,
434 2303 527 2365 quam
542 2292 723 2364 posuerunt,
745 2284 776 2344 in
791 2284 955 2365 integrum.
989 2285 1071 2359 Quia
1086 2306 1179 2350 omnes

100 2388 299 2450 unianimiter
321 2394 558 2459 consenserunt,
582 2393 612 2446 et
632 2384 734 2447 nullus
757 2405 812 2448 333
835 2387 1002 2467 imperauit
1023 2389 1094 2452 talis
1116 2409 1183 2452 can-

101 2511 169 2554 sam
195 2490 320 2563 facere,
352 2489 423 2550 ideo
454 2507 511 2568 per
541 2496 634 2567 caput
662 2494 840 2567 conponat,
874 2489 926 2569 qui
955 2499 1107 2571 ruperunt
1125 2493 1185 2572 ipsa

98 2612 212 2674 poena,
235 2591 313 2654 sicut
334 2609 391 2670 per
413 2598 506 2670 capnt
526 2588 723 2650 uoluntariae
745 2601 978 2659 consenserunt.

192 2733 262 2796 108.
289 2732 325 2793 V.
380 2728 411 2788 Si
443 2727 512 2808 quis
544 2727 772 2790 ledeiussorem
790 2809 793 2815 ι
809 2738 863 2791 331
895 2730 1071 2793 denitorem
1104 2753 1187 2797 sunm

98 2829 317 2912 pignerauerit,
340 2835 370 2890 31
391 2829 494 2908 ipsum
515 2829 642 2908 pignum
656 2829 845 2910 recollegere
866 2832 1046 2913 neglexerit,
1070 2842 1101 2896 et
1122 2855 1187 2896 cum

97 2953 154 3013 per
180 2931 346 2993 duodicem
372 2931 437 2993 dies
468 2931 633 3007 dimiserit,
666 2939 740 2992 tnnc
767 2931 818 2993 ille
847 2934 900 3013 qui
932 2935 1062 3016 pignum
1090 2937 1189 3018 ipsum

98 3041 174 3114 aput
195 3053 230 3096 se
250 3032 347 3106 habit,
370 3033 396 3094 si
418 3051 527 3096 seruus
550 3042 604 3095 aut
625 3033 736 3095 ancilla
759 3042 815 3109 est,
842 3035 997 3098 costodiat
1017 3057 1090 3098 eum
1111 3038 1190 3100 ntei

97 3138 170 3217 fuga
191 3155 254 3198 non
277 3134 381 3211 iaciat,
404 3142 435 3196 et
454 3134 548 3196 faciat
569 3135 627 3197 sibi
649 3156 720 3197 eum
735 3155 849 3216 operas
870 3137 984 3212 facere,
1008 3140 1088 3217 sicut
1102 3161 1190 3204 suum

94 3237 256 3319 proprium
278 3257 404 3300 seruum
426 3246 478 3299 aut
499 3237 653 3303 ancillam,
702 3239 742 3300 Et
768 3258 862 3319 super
892 3240 1010 3302 habeat
1036 3241 1191 3305 licentiam

96 3339 297 3421 repignerare
319 3339 472 3420 usquein
494 3341 664 3402 secundam
686 3341 803 3415 uicem,
832 3325 869 3402 nt
888 3341 949 3403 sint
968 3343 1039 3423 ipsa
1060 3345 1189 3428 pignera

94 3441 127 3503 in
150 3442 281 3513 dubblo,
311 3449 461 3522 quantum
478 3441 624 3503 «lenitum
654 3443 722 3523 ipse
748 3450 805 3509 est.
858 3443 898 3505 Et
924 3444 951 3505 si
979 3464 1037 3525 per
1065 3447 1190 3527 triginta

96 3544 162 3606 dies
183 3545 314 3624 pignera
341 3544 411 3624 ipsa
434 3543 555 3604 debitor
583 3551 636 3606 ant
664 3543 832 3606 fideiussor
860 3545 1051 3627 recollegere
1078 3549 1190 3629 negle-

95 3652 221 3718 xerent,
250 3645 277 3707 si
297 3645 329 3706 in
357 3645 497 3708 neustria
523 3645 628 3706 autin
660 3645 778 3708 austria
804 3646 942 3720 fuerent,
970 3649 1093 3711 amittat
1119 3649 1189 3730 ipsa

94 3746 238 3826 pignera,
267 3755 298 3808 et
323 3766 387 3808 uon
413 3748 552 3808 habeant
578 3746 755 3808 facundiam
782 3749 1014 3828 requirendum.
1058 3750 1191 3814 Sinera

93 3846 125 3907 in
148 3847 266 3909 tusciae
287 3849 427 3928 partibus
449 3849 551 3922 fuerit,
573 3848 690 3910 habeat
710 3849 845 3928 spatium
865 3850 897 3911 in
920 3851 986 3914 dies
1008 3853 1191 3934 sexaginta;

93 3968 167 4010 nam
188 3949 215 4011 si
237 3970 332 4030 super
354 3960 523 4032 sexagenta
545 3951 610 4012 dies
632 3949 734 4022 luerit,
756 3951 896 4014 similiter
917 3953 1039 4017 amittat
1059 3955 1192 4036 pignera

93 4049 178 4130 ipsa;
212 4052 340 4132 insuper
368 4060 557 4133 potestatem
586 4052 721 4125 habeat,
755 4054 808 4132 qui
836 4054 1027 4136 pignerauit,
1060 4075 1191 4119 causam

93 4171 183 4214 suam
204 4172 260 4232 per
281 4153 382 4235 legem
405 4173 497 4234 agere
519 4162 550 4215 et
570 4174 749 4234 procurare.
