2574 4710
152 332 212 396 154
424 328 589 391 snrcrrs
610 280 979 415 sinuessanonvn.

47 560 48 563 ,
151 514 211 585 ille,
235 515 321 576 cuius
344 514 523 577 arimannus
546 516 607 577 boc
629 515 781 578 distulerit
802 514 930 595 inplere,
960 533 1024 575 non
1047 514 1235 593 distrinxerit,

107 691 110 694 .
150 616 229 678 sicut
249 636 343 696 supra
359 617 502 690 diximus,
519 624 677 696 conponat
691 615 855 697 uuidrigild
871 636 961 679 suum
976 615 1007 678 in
1022 616 1140 697 palatin
1154 619 1234 698 regis.

150 717 197 778 De
226 718 379 780 ferratura
413 708 537 798 quidem
568 727 599 780 et
630 718 698 786 aliis
731 717 826 780 armis
860 718 911 779 uel
943 716 1071 779 caballis
1104 717 1234 782 italien

151 820 276 892 debeat,
306 824 385 882 sicut
405 821 468 882 lam
491 830 583 883 antea
605 839 663 901 per
683 827 824 883 nostram
847 820 1017 882 iussionem
1040 818 1234 899 precepimus.

194 1042 271 1138 [II]
313 1042 484 1115 INCIPIT
511 1041 761 1116 PROLOGVS
790 1040 945 1115 DOIIINI
973 1041 1193 1114 RATCHISI

440 1160 583 1234 REGIS
612 1164 665 1260 (p.
686 1162 772 1271 chr,
793 1187 824 1234 a.
846 1163 949 1256 rte).
1136 1178 1160 1185 ”

225 1330 345 1394 »christi
374 1333 441 1394 iesu
471 1341 502 1394 et
529 1333 695 1396 saluatoris
725 1332 824 1395 nostri
852 1332 982 1393 adsidue
1012 1351 1072 1394 nos
1101 1332 1235 1394 conuenit

87 1438 90 1448 '
148 1432 297 1513 precepta
330 1434 490 1514 conplere,
524 1435 609 1498 cuius
641 1433 839 1514 prouidentia
870 1435 910 1495 ad
937 1432 1095 1514 regiminis
1126 1432 1236 1495 culmen

148 1535 365 1614 peruenimus:
386 1535 484 1614 ipsius
507 1536 675 1598 auxiliante
698 1535 913 1598 misericordia
927 1554 965 1597 ea
980 1555 1040 1616 que
1056 1535 1141 1616 genti
1155 1535 1235 1609 nobis

148 1636 334 1698 commissae
357 1637 553 1711 conueniunt,
575 1637 606 1697 id
627 1644 675 1698 est
697 1636 848 1698 catholice
867 1646 898 1699 et
918 1638 978 1698 deo
1000 1638 1112 1699 dilecte
1131 1636 1236 1718 lango-

89 1775 91 1779 ν
148 1739 328 1811 bardorum,
352 1741 518 1801 statuenda
535 1738 736 1819 preuidinrus.
771 1737 927 1810 Quoniam
948 1738 1192 1820 gloriosissimus
1206 1759 1234 1800 ac

147 1840 307 1919 precelsus
328 1841 448 1901 rothari
468 1862 540 1913 rex,
567 1840 657 1903 huius
680 1841 779 1921 gentis
801 1841 1068 1921 langobardorum
1090 1842 1231 1922 princeps,

146 1941 206 2003 sibi
228 1942 287 2008 deo
315 1943 485 2023 inspirante
508 1943 592 2023 leges
615 1944 743 2006 inseruit
766 1952 859 2024 atque
880 1942 1055 2015 innouauit,
1084 1952 1116 2003 et
1138 1963 1233 2005 omnes

145 2044 330 2106 intentiones
355 2055 385 2107 et
412 2044 621 2107 dissensiones
650 2045 805 2107 malorum
827 2044 925 2125 regali
946 2045 1049 2107 studio
1072 2046 1235 2118 resecauit;

147 2145 273 2225 quidem
296 2154 327 2207 et
348 2148 467 2218 statuit,
496 2155 529 2208 ut
556 2147 655 2207 cuncti
683 2165 880 2209 successores
904 2146 982 2219 eius,
1013 2167 1073 2228 que
1103 2148 1163 2209 sibi
1185 2148 1237 2209 deo

145 2246 315 2327 inspirante
338 2267 452 2328 aspera
475 2257 505 2310 et
528 2250 607 2309 dura
629 2256 866 2329 cognoscerent,
896 2247 939 2308 iIIi
961 2248 999 2309 ad
1026 2248 1191 2311 mollitiem
1211 2258 1237 2310 et

32 2377 34 2381 ,
145 2348 268 2428 pietatis
283 2351 489 2430 perducerent
504 2351 645 2431 gratiam.
668 2350 787 2411 Deinde
803 2369 965 2411 successor
980 2350 1046 2412 eius
1065 2350 1238 2431 grimouald

144 2451 437 2530 precellentissimus
450 2472 515 2524 rex,
532 2453 604 2515 dum
617 2451 757 2514 studiose
769 2459 863 2531 atque
875 2450 1038 2531 uigilanter
1049 2452 1239 2534 singulorum

145 2553 358 2614 consideraret
386 2553 601 2627 necessitates,
633 2573 694 2633 que
715 2553 757 2612 illi
782 2553 890 2615 melius
914 2554 1175 2632 conplacuerunt,
1203 2555 1238 2616 ad

90 2646 93 2650 ⁴
145 2652 259 2714 cultum
282 2655 389 2716 salutis
412 2656 589 2735 augendum
611 2656 873 2735 minuendumque
889 2655 1037 2718 adiunxit.
1071 2657 1146 2718 Post
1160 2656 1241 2717 hunc

144 2773 221 2815 uero
251 2753 492 2833 gloriosissimus
521 2764 552 2817 et
579 2756 775 2818 orthodoxus
805 2754 879 2816 fidei
907 2757 1006 2817 cultor
1033 2765 1128 2838 atque
1149 2758 1239 2822 buius

143 2855 245 2935 gentis.
258 2859 447 2936 gubernatur
459 2866 489 2919 et
500 2866 607 2919 noster
618 2877 675 2939 per
692 2858 742 2918 dei
756 2860 978 2937 omnIpotentis
994 2859 1239 2922 misericordiam

144 2957 291 3029 nutritor,
322 2958 477 3039 liutprand
505 2959 635 3022 eximius
663 2968 692 3020 et
718 2960 876 3039 precelsus
903 2960 964 3021 hac
990 2961 1238 3041 sapientissimus

142 3060 302 3139 princeps,
335 3061 504 3139 persistens
536 3061 566 3121 in
601 3061 650 3121 dei
679 3061 825 3141 operibus
856 3070 886 3123 et
904 3137 906 3141 Ι
921 3060 1082 3125 cotidianis
1117 3064 1238 3145 uigiliis,

143 3161 229 3223 omni
250 3162 396 3241 pudicitia
418 3171 449 3223 et
470 3163 638 3225 sobrietate
660 3171 803 3239 ornatus,
831 3165 909 3225 sicut
931 3183 951 3224 a
978 3165 1037 3225 deo
1065 3167 1241 3244 promeruit

141 3284 198 3345 per
224 3264 321 3344 ipsius
347 3264 582 3345 inspirationem
610 3265 716 3325 omnia
743 3266 888 3327 decenter
917 3265 1019 3326 elicuit
1040 3266 1123 3326 etin
1146 3268 1239 3330 edicti

140 3366 254 3447 pagina
269 3385 340 3426 cum
363 3367 425 3428 suis
448 3367 648 3447 langobardis
664 3387 701 3429 ac
715 3366 865 3428 iudicibus
883 3365 1089 3433 confirmauit.
1115 3368 1237 3432 ldcirco

141 3487 198 3549 per
213 3469 419 3548 redemptoris
434 3471 533 3531 nostri
549 3469 778 3549 prouidentiam
791 3487 848 3553 ego
862 3468 965 3530 diuino
978 3469 1093 3558 auxilio
1108 3473 1237 3546 ratebIs‚

140 3570 432 3650 precellentissimus
449 3577 480 3632 et
494 3571 622 3633 eximius
637 3571 791 3650 princeps,
808 3589 891 3632 anno
906 3570 992 3650 regni
1009 3571 1068 3631 mei
1084 3575 1237 3646 secundo,

141 3669 191 3731 die
216 3671 420 3733 kalendarum
450 3673 632 3734 martiarum
658 3672 828 3733 indictione
855 3679 965 3752 quarta
994 3673 1129 3748 decima,
1159 3675 1238 3737 dum

140 3791 211 3834 cum
228 3773 330 3853 ,gentis
347 3782 484 3849 nostrae,
508 3776 538 3835 id
560 3781 607 3835 est
627 3773 901 3854 langobardorum,
922 3774 1083 3847 iudicibus,
1106 3782 1175 3837 tam
1197 3779 1237 3839 de

142 3873 287 3950 austriae,
315 3895 410 3955 quam
433 3883 463 3936 et
484 3877 524 3936 de
542 3875 699 3938 neustriae
722 3877 771 3936 uel
791 3875 909 3937 tusciae
937 3874 1050 3938 finibus
1072 3878 1237 3951 uniuersa,

24 3972 27 3977 ’
139 3994 220 4054 quae
247 3995 266 4037 a
294 3977 510 4039 decessoribus
536 3978 650 4041 nostris
677 3985 792 4041 statuta
819 3986 898 4051 sunt,
926 3978 1055 4040 sollicite
1083 3980 1261 4042 conside«.

137 4096 269 4150 rassem‚
292 4079 447 4159 quaedam
468 4079 511 4140 ibi
531 4079 612 4142 iusta
634 4089 665 4142 et
687 4081 842 4161 quaedam
863 4082 1025 4162 purganda
1046 4100 1118 4143 esse
1138 4082 1237 4144 inue-

137 4178 248 4245 nimus.
299 4178 380 4252 Quia
411 4181 485 4241 dum
517 4182 605 4262 praui
638 4183 781 4246 homines
811 4203 849 4244 ea
881 4203 962 4264 quae
995 4185 1034 4245 ad
1065 4176 1235 4245 ¹dominum
