2574 4710
59 352 60 356 '
95 375 155 439 124
197 372 435 435 nivrnmnnl
455 373 581 435 nunus
603 370 697 435 anm
718 373 802 438 xvi.
824 372 908 438 cnr.
934 375 1003 439 10¹.
1028 375 1092 440 102.

95 557 334 639 presumpserit,
363 564 523 636 conponat
547 557 614 638 regi
642 557 787 637 uuirigild
816 544 925 633 suum}
956 557 1081 619 mundio
1105 577 1164 623 nero

94 658 247 733 mulieris,
280 658 331 720 uel
358 678 409 720 res
438 659 504 721 eius
534 659 682 740 propriae
709 659 770 721 sint
796 658 828 719 in
857 664 1047 739 potestatem
1072 658 1164 738 palatii

95 759 162 834 Qui·
177 761 239 821 hcc
265 768 339 823 ante
365 760 438 822 anni
465 761 604 841 spacium
630 760 735 822 iacere
761 759 878 840 querit,
910 768 1041 839 propter
1067 758 1165 839 lngrnu

94 863 246 944 pecuniae
272 861 323 922 uel
345 862 441 924 seculi
463 861 662 943 cupiditatem
681 862 745 923 hnc
763 863 869 923 facere
892 861 1010 942 querit,
1032 880 1101 922 nam
1119 881 1166 922 non

94 965 135 1025 oh
158 983 299 1026 amorem
318 965 377 1037 dei,
400 971 454 1026 aut
475 963 578 1025 anima
601 964 667 1026 eius
690 964 891 1039 saluandam;
914 962 987 1044 quia
1007 971 1079 1043 pust
1097 982 1166 1023 mor-

93 1075 156 1128 tem
179 1066 237 1127 niri
259 1065 316 1138 sui,
340 1066 413 1126 dum
429 1065 521 1127 dolor
542 1085 652 1127 recens
675 1073 732 1138 est,
753 1065 784 1126 in
800 1065 894 1146 quale
908 1073 1031 1146 partem
1046 1063 1165 1137 uoluerit,

95 1168 232 1230 animum
262 1167 325 1228 eius
353 1166 501 1229 inclinare
523 1175 637 1248 potest.
687 1167 767 1228 Nam
797 1185 867 1228 cum
892 1167 923 1228 in
952 1186 987 1230 se
1015 1166 1166 1239 reuertitn,

94 1276 126 1330 et
147 1268 247 1331 carnis
276 1269 429 1331 dilectatin
456 1269 485 1329 ei
512 1269 689 1344 obuenerit,
710 1270 805 1350 'qund
834 1269 923 1348 peius
951 1278 1013 1342 est,
1041 1269 1072 1328 in
1093 1267 1167 1329 adnl-

30 1364 33 1369 ’
93 1371 206 1435 terium
234 1371 330 1442 cadit,
363 1390 421 1431 nec
447 1371 604 1433 monacha
638 1390 708 1433 esse
738 1371 895 1432 inuenitur
924 1389 983 1431 nec
1011 1369 1090 1450 laiga
1115 1389 1168 1432 esse

92 1480 208 1553 potest.
257 1472 296 1532 Et
318 1471 345 1533 si
371 1472 451 1533 alter
478 1471 682 1552 quiscumque
712 1472 824 1546 homo,
851 1472 883 1533 in
913 1473 999 1534 cuius
1028 1471 1165 1532 mundium
1212 1536 1214 1543 ,

92 1594 156 1635 nun
178 1581 233 1645 est,
255 1573 319 1634 hnc
338 1572 443 1633 facere
465 1572 676 1651 presumserit,
700 1582 859 1654 conponat
882 1573 1023 1654 uuirigild
1044 1573 1166 1634 suumin

94 1694 189 1755 sagro
216 1674 381 1755 palatium,
409 1682 440 1735 et
465 1675 534 1753 ipsa
566 1695 635 1736 cum
664 1678 759 1738 rebus
786 1675 850 1738 suis
874 1675 912 1737 sit
940 1675 972 1735 in
1000 1681 1169 1756 potestaten

95 1776 277 1838 mundoaldi
298 1776 356 1838 sui.

182 1917 251 1980 101.
273 1914 324 1979 Vl.
368 1914 399 1975 Si
422 1933 483 1993 qua
506 1914 615 1975 mulier
630 1915 787 1995 religionis
803 1915 946 1975 uelamen
967 1914 1075 1976 induta
1089 1913 1172 1987 inerit,

94 2017 144 2076 uel
166 2019 334 2079 obseruata
356 2016 475 2089 omnia,
510 2016 642 2096 qualiter
668 2015 699 2075 in
729 2017 891 2095 superiore
918 2016 1055 2096 capitulo
1083 2014 1171 2076 adfixa

94 2126 180 2191 sunt,
213 2118 245 2178 in
278 2118 468 2180 monasterio
500 2118 617 2180 intrare
651 2117 797 2179 uoluerit:
842 2117 867 2180 si
903 2117 986 2180 filius
1022 2125 1077 2179 aut
1108 2117 1172 2178 filias

93 2220 253 2292 habuerit,
276 2220 306 2279 in
331 2239 464 2300 quorum
487 2209 647 2280 mundium
670 2238 739 2281 esse
759 2219 949 2295 inueniatur,
973 2239 1044 2281 cum
1066 2219 1171 2281 tertiam

93 2321 271 2401 portionem
294 2323 333 2381 de
354 2321 489 2401 propriis
519 2324 614 2383 rebus
642 2322 704 2383 suis
726 2321 810 2381 intrit
830 2322 862 2381 in
883 2322 1126 2397 monasterium,
1150 2329 1175 2381 et

94 2430 168 2503 post
194 2423 311 2483 onitnm
339 2423 404 2484 eius
431 2431 593 2484 remaneat
613 2423 644 2483 in
671 2424 741 2503 ipsc
771 2423 1013 2496 monasterium,
1046 2424 1098 2484 ubi
1120 2422 1178 2502 ipsa

94 2524 267 2586 intrauerit.
312 2525 343 2585 Si
365 2544 442 2586 uero
464 2525 544 2586 filins
568 2532 621 2585 aut
635 2523 715 2586 filias
730 2545 793 2586 non
808 2526 962 2599 habuerit,
984 2545 1055 2586 cum
1071 2524 1181 2586 medie-

93 2635 189 2688 tatem
204 2627 243 2686 de
265 2629 359 2698 rebus
375 2627 439 2688 suis
460 2627 492 2686 in
516 2627 708 2688 monasterio
729 2627 847 2689 intrare
868 2626 977 2706 possit,
1000 2627 1026 2690 si
1049 2625 1181 2698 uoluerit,

97 2734 221 2807 etpost
248 2727 313 2789 eius
337 2728 497 2789 decessum
530 2735 655 2788 maneat
679 2728 748 2807 ipsa
775 2729 916 2791 metietas
944 2729 975 2789 in
1002 2736 1182 2809 potestatem

95 2828 288 2890 monasterii.
348 2828 427 2888 Nam
462 2829 488 2890 si
524 2829 555 2888 in
586 2829 713 2889 domum
742 2831 968 2910 permanserit,
1001 2838 1183 2911 potestatem

94 2931 212 2992 habeat
238 2931 395 2991 derebus
426 2931 489 2991 suis
518 2931 655 2991 iudicare
683 2952 741 3012 pru
766 2933 901 2993 animam
923 2952 1030 3005 suam,
1065 2942 1119 2996 aut
1140 2932 1181 2994 cui

95 3031 243 3104 uoluerit,
275 3031 399 3093 tertiam
424 3031 619 3110 portionem
654 3035 732 3096 duas
755 3054 832 3095 uero
859 3035 1012 3114 portionis
1036 3055 1075 3096 ex
1096 3039 1184 3098 rebus

97 3135 162 3196 eius
195 3131 316 3196 sintin
350 3141 554 3213 potestatem.
570 3133 687 3214 ipsius,
728 3136 768 3197 ad
803 3155 894 3215 quem
927 3138 1088 3198 mundium
1122 3138 1184 3200 eius

94 3238 237 3318 pertinet.

181 3376 250 3440 102.
274 3373 338 3440 vn.
383 3375 413 3435 Si
441 3374 508 3454 quis
537 3374 748 3454 langobardus
784 3374 928 3436 habuerit
966 3374 1066 3436 filium
1099 3396 1186 3439 uras-

95 3477 230 3538 culinum
258 3476 435 3557 legetimum
471 3496 585 3548 unum,
620 3484 674 3538 aut
704 3474 769 3536 filia
803 3475 980 3564 tegetimam
1011 3498 1108 3539 unam
1135 3487 1186 3540 aut

94 3579 214 3659 plures,
248 3587 279 3639 et
305 3588 473 3659 antequam
503 3597 572 3639 cam
600 3579 640 3639 ad
668 3576 812 3638 maritum
841 3578 961 3650 tradat,
991 3581 1032 3641 ad
1055 3587 1185 3642 mortem

94 3680 224 3753 uenerit,
244 3688 435 3760 potestatem
450 3681 568 3742 habeat
590 3681 629 3741 ad
651 3679 749 3740 filiam
764 3698 852 3742 snam
877 3698 933 3759 per
947 3681 1067 3743 cartola
1083 3682 1187 3744 dona-

93 3781 199 3855 tionis,
228 3781 254 3843 si
275 3783 424 3855 uoluerit,
458 3802 557 3862 usque
587 3783 626 3842 ad
650 3790 794 3861 quartam
822 3781 999 3860 portionem
1028 3783 1068 3843 de
1094 3786 1186 3845 rebus

95 3884 159 3946 suis
181 3882 336 3960 iudicare3
370 3884 395 3946 si
415 3882 609 3955 indicauerit,
638 3882 781 3944 stabilem
810 3890 1003 3962 permaneat.
1059 3884 1090 3944 Si
1112 3903 1187 3946 uero

95 3987 173 4047 duos
188 3984 270 4048 filicis
285 3985 446 4067 legetimds
462 3984 615 4057 habuerit,
639 3993 669 4046 et
690 3984 756 4044 filia
769 4005 832 4046 una
847 3994 901 4048 ant
915 3986 1030 4066 plures,
1054 3986 1186 4066 septima

93 4087 271 4167 portionem
294 4089 447 4149 derebus
469 4087 534 4150 suis
554 4087 667 4148 indicet
689 4086 715 4148 si
736 4086 884 4162 uoluerit;
908 4087 934 4150 si
956 4079 1042 4148 uero*
1056 4088 1185 4168 amplius

94 4189 151 4249 filii
171 4189 297 4263 fuerint,
325 4208 383 4269 per
410 4188 493 4251 hanc
519 4189 673 4252 rationem
701 4195 894 4272 conputetur.
945 4189 977 4250 si
998 4208 1075 4249 uere
1099 4197 1187 4269 pater
