2574 4710
299 352 465 416 RATCHIS
487 354 621 427 LEGES,
643 374 673 435 p.
697 354 768 421 Chr.
791 376 819 421 a.
841 359 913 423 746.
1091 363 1147 427 161

60 537 213 613 iudicare,
246 550 277 602 et
307 539 406 619 legem
438 539 500 600 non
528 539 722 612 indicauerit,
743 588 744 592 ,
762 541 864 626 (iuldix
890 561 960 604 eum
989 543 1150 624 distringat

58 639 142 700 idem
166 639 328 701 arimauno
343 640 463 702 iusticia
478 640 636 702 faciendo:
659 642 698 704 sit
712 649 816 704 tamen
830 663 894 704 non
910 645 1020 708 doloso
1035 645 1148 720 auimo,

57 751 89 804 et
114 742 186 823 ipsc
215 743 372 824 gasindius
399 750 483 804 stare
512 744 646 806 debeant
666 743 696 804 in
719 744 865 806 iudicium
882 744 1014 826 -ipsiuuis
1036 746 1148 822 iudicii,

56 844 180 924 etipse
202 845 287 907 iudirr
314 845 433 925 amittat
461 845 630 908 iudicatum
657 866 756 912 suum.
808 846 841 907 Si
870 847 950 909 enim
979 857 1090 929 postea
1118 850 1148 911 ei

56 947 212 1026 apparuit,
236 932 320 1027 quod
341 945 458 1027 legibus
481 967 542 1008 non
564 947 740 1020 iudicasset,
762 949 868 1012 ueniat
889 969 959 1010 eum
978 950 1047 1031 ipso
1060 951 1147 1026 iudi-

56 1057 128 1111 cato
150 1049 182 1110 in
205 1049 366 1129 presencia
387 1057 505 1114 nostra.

262 1201 264 1206 .
358 1150 489 1231 Explicit
510 1152 549 1211 de
571 1152 688 1213 domno
710 1152 845 1220 Ratchis.

98 1338 295 1425 INCIPIT
324 1342 497 1426 Lucus
532 1344 670 1439 OVAS
702 1275 968 1427 AHISTVLI'
996 1344 1105 1427 REX

185 1504 194 1521 ·
446 1475 748 1560 ADIVNCXIT.

79 1662 106 1726 1.
137 1660 186 1721 Dc
213 1659 397 1722 donationes
426 1660 478 1721 illa
506 1679 566 1741 que
591 1661 674 1722 facta
701 1668 771 1723 sunt
798 1649 826 1726 a'
847 1662 950 1724 rachIs
981 1681 1087 1744 regem
1113 1673 1144 1727 et

139 1763 221 1825 tesia
242 1761 381 1844 coniuge.

75 1862 733 1945 tmfflmffimmmmffl

75 1968 105 2032 3.
137 1966 396 2047 De'negationes

77 2071 109 2133 4.
140 2068 217 2131 Item
239 2070 279 2129 de
300 2068 491 2149 negationes.

77 2174 107 2236 5.
138 2170 186 2230 De
206 2169 327 2233 clausas
351 2171 515 2251 disruptas,

76 2275 106 2336 c.
135 2272 184 2333 De
204 2271 383 2352 negationes
406 2281 437 2333 et
458 2281 581 2333 terreno
603 2269 737 2351 negotio.

80 2376 109 2438 1.
135 2374 184 2435 De
202 2374 320 2436 iudices
344 2373 397 2454 qui
417 2374 560 2436 homines
583 2370 624 2433 de
644 2372 778 2435 exercitu
801 2364 964 2436 dimittunt.

79 2475 109 2541 8.
135 2474 182 2559 Ile
202 2476 306 2538 illicita
327 2475 566 2541 coniunctiones.

76 2581 104 2644 9.
133 2576 182 2639 Ile
203 2577 374 2648 turonibus.

58 2680 101 2745 10.
133 2680 166 2742 Si
190 2681 257 2761 quis
281 2682 416 2743 mortens
440 2689 470 2741 et
490 2698 632 2742 sororem
651 2676 683 2739 in
705 2676 833 2757 capillos
856 2675 1014 2743 dimiserit.

58 2770 101 2847 11.
134 2781 258 2861 Siquis
279 2781 489 2862 langobardus
515 2781 703 2861 pertinentes
729 2799 802 2842 suos
830 2778 970 2860 thingare
995 2780 1138 2848 uoluerit.

56 2883 100 2950 12.
133 2883 165 2945 Si
189 2883 258 2964 quis
278 2884 310 2944 in
333 2882 535 2964 egritudinem
556 2903 607 2945 res
628 2901 701 2946 suas
715 2880 922 2946 'ordinauerit

55 2986 100 3052 13.
133 2983 167 3047 Si
188 2986 255 3066 quis
277 3006 340 3048 non
361 2987 480 3048 habens
502 2984 609 3060 lilium,
622 2964 725 3050 'unam
747 2983 843 3044 filiam
858 2977 952 3046 ¹suam
973 2985 1137 3047 meliorare

10 3158 12 3163 ,
132 3087 277 3153 uoluerit.

53 3188 96 3254 14.
129 3189 178 3250 De
199 3172 358 3251 usufructu
379 3189 485 3251 uxoris
507 3208 572 3254 sue.

52 3293 97 3357 15.
129 3291 178 3351 De
198 3289 406 3372 panarimpha
427 3302 494 3369 [sicl.

51 3393 97 3485 111.
128 3374 177 3454 lie
199 3393 412 3455 conuenientia
434 3412 502 3453 cum
524 3389 721 3471 pontificibus
744 3389 794 3450 uel
815 3389 962 3454 abbatis„

50 3494 98 3560 17.
129 3495 178 3556 De
199 3499 423 3575 conparatione
445 3492 582 3567 ecclesie,
606 3492 709 3573 quiin
731 3492 857 3553 mundio
879 3488 985 3572 palatii
1007 3497 1064 3556 est.

50 3597 96 3662 18.
130 3596 162 3658 Si
185 3597 252 3677 quis
274 3616 325 3659 res
349 3597 476 3680 ecclesie
498 3596 683 3676 possederit

48 3698 96 3765 19.
128 3698 176 3758 De
203 3708 431 3761 sacramentum
456 3699 536 3760 inter
561 3697 677 3760 iudices
703 3695 753 3757 uel
779 3697 893 3758 abbate
919 3713 975 3755 seu
1000 3695 1136 3776 presby·
1247 3769 1250 3775 .

10 3784 13 3827 ³
66 3852 70 3857 .
127 3807 228 3862 terum
251 3801 391 3884 ecclesie.

44 3900 94 3966 20.
125 3902 173 3963 De
195 3912 426 3965 sacramentum
448 3922 517 3964 eum
538 3909 680 3964 auctores
702 3899 793 3981 regis.

43 4004 94 4070 21.
125 4004 173 4065 De
194 4005 324 4085 pignera
345 4002 516 4079 homiuum,
544 4004 648 4085 quiin
672 4001 806 4063 exercitu
829 3998 988 4062 ambulare
1011 3999 1134 4064 debent.

44 4088 93 4171 22
126 4105 158 4166 Si
186 4106 254 4186 quis
280 4107 311 4168 iu
339 4108 497 4170 seruitium
531 4106 749 4184 cuiuscumque
775 4122 833 4182 pro
861 4103 945 4162 bona
977 4100 1146 4161 uoluntate.

123 4207 307 4276 introhierit.

863 4308 1011 4392 ns
