2574 4710
94 356 154 418 152
364 351 529 414 EDICTVS
550 350 919 412 LANGOBARDORVM.

95 652 291 735 lucrum
324 651 498 734 uncus
530 651 670 746 oves
704 647 928 732 nouuvs
958 649 1182 734 usrcurs

431 785 538 893 nux
569 784 850 869 msruvu.

97 972 156 1070 [r]
184 970 233 1043 uu
252 969 439 1042 uouruu
463 967 635 1042 nouum
658 966 832 1042 uosunr
855 967 964 1042 msv
987 965 1184 1063 cunlsru

96 1089 336 1178 ovnurrun
358 1086 499 1161 rvxm
523 1087 657 1160 ouvu
682 1087 742 1159 ur
760 1084 946 1160 aurudo
967 1084 1182 1160 nosram

96 1208 317 1283 suuvruu
351 1207 412 1278 ur
448 1206 637 1279 oumvu
670 1204 962 1278 uosmonuu
995 1205 1181 1301 nucum

96 1325 238 1400 uuum
266 1325 435 1399 rervm
452 1323 579 1397 assu
604 1326 699 1398 vus
725 1325 823 1396 cvm
847 1323 1051 1398 nosram
1077 1323 1182 1397 lvm-

96 1443 246 1537 ulum,
270 1444 330 1515 vr
354 1441 571 1517 uouruus
595 1441 841 1516 rouuurus
862 1443 921 1514 uu
945 1431 1182 1516 ravennas

97 1563 177 1651 ovs
230 1561 358 1635 svau
413 1561 666 1648 ovuuuvuu
721 1560 978 1667 rvsuuuu
1016 1561 1182 1633 ulumu

244 1679 545 1752 ruricuurvu
574 1682 628 1778 (p.
649 1680 735 1753 cur.
757 1679 1034 1774 desuetudo).

66 1902 68 1907 ,
184 1853 211 1916 l.
231 1853 269 1913 Ut
284 1851 496 1931 unusquisque
509 1850 602 1911 iudex
614 1850 645 1910 in
661 1870 751 1912 suam
767 1850 922 1912 ciuitatem
938 1851 1052 1912 debeat
1068 1851 1182 1913 cottidie

96 1955 128 2016 in
147 1955 293 2017 iudicium
313 1954 460 2024 residere,
481 1961 512 2014 et
526 1971 589 2013 non
606 1953 755 2013 adtendat
770 1952 809 2012 ad
826 1951 1089 2014 exemulationem
1105 1973 1183 2015 suan

98 2065 151 2119 aut
173 2057 264 2119 aliam
287 2055 402 2118 saeculi
423 2054 602 2127 uanitatem,
625 2055 680 2115 sed
699 2072 757 2133 per
777 2053 977 2134 semetipsum
998 2056 1145 2117 resedeat
1161 2063 1187 2118 ct

98 2159 242 2221 omnibus
262 2157 410 2221 iustitiam
432 2163 605 2228 conscruet‚
625 2156 669 2216 ita
684 2162 717 2216 ut
732 2156 770 2215 de
786 2155 871 2217 nullo
891 2157 1018 2218 homine
1038 2158 1187 2236 premium

98 2260 242 2341 accipiat,
271 2261 348 2323 sicut
369 2259 432 2320 iam
453 2278 510 2339 per
532 2277 658 2319 manum
680 2257 829 2337 scriptam
850 2258 939 2320 nobis
962 2258 1187 2338 promiserunt3

98 2362 151 2443 qni
178 2363 267 2424 aliter
294 2361 476 2424 indicauerit
501 2359 670 2420 iudicatum
698 2379 788 2421 suum
815 2359 945 2424 amittat.
989 2360 1051 2421 Sed
1075 2362 1102 2423 si
1125 2361 1188 2441 quis

97 2464 190 2525 iudex
219 2465 334 2526 amodo
364 2461 533 2544 neglexerit
562 2461 724 2522 arimanno
754 2480 825 2534 sno,
859 2460 943 2522 diuiti
973 2469 1026 2522 aut
1051 2465 1189 2544 pauperi,

97 2565 148 2627 uel
180 2566 361 2643 cuicumque
390 2563 507 2625 homini
535 2563 684 2624 iustitiam
717 2562 870 2635 iudicare,
904 2563 1046 2623 amittere
1081 2566 1190 2627 debeat

97 2667 251 2727 honorem
275 2686 375 2737 suum,
398 2673 428 2726 et
450 2672 608 2745 conponat
625 2662 656 2723 in
678 2663 796 2743 palatio
816 2664 897 2744 regis
912 2664 1077 2745 uuidrigild
1092 2687 1190 2740 suum,

98 2775 128 2828 et
149 2767 192 2828 illi
214 2785 392 2845 conponere
413 2767 535 2839 debeat,
569 2765 701 2845 qualiter
722 2765 812 2826 edicti
834 2765 969 2828 continet
990 2768 1116 2848 pagina,
1145 2770 1190 2830 cui

96 2868 244 2930 iustitiam
262 2867 399 2927 iudicare
418 2866 597 2947 neglexerit.
625 2865 783 2939 Quoniam
797 2867 860 2928 iam
875 2875 954 2930 teste
973 2869 1034 2930 deo
1051 2870 1190 2945 dicimus,

99 2969 170 3049 quia
192 2988 249 3029 nec
270 2969 382 3030 alicubi
403 2969 453 3032 uel
475 2969 514 3030 ad
542 2969 715 3030 orationem
745 2989 912 3049 possumus
934 2970 1020 3030 exire
1042 2980 1098 3032 aut
1119 2973 1192 3035 ubi-

97 3089 230 3150 cumque
242 3071 433 3142 caballicare,
449 3078 578 3151 propter
588 3071 825 3133 reclamationes
838 3071 1007 3132 multorum
1017 3071 1191 3136 hominum.

96 3171 170 3233 Ideo
196 3172 259 3233 hoc
280 3173 441 3235 statuimus
467 3180 498 3233 ct
520 3175 680 3249 uolumus,
713 3181 747 3235 ut
768 3174 870 3235 omnis
891 3173 984 3234 iudex
1005 3173 1067 3235 hoc
1088 3175 1192 3249 faciat,

96 3273 181 3335 utin
202 3274 252 3334 dei
273 3292 336 3334 non
358 3273 576 3353 perueniamus
601 3277 731 3339 ollensa.
767 3275 806 3336 Et
825 3274 885 3355 ipsi
905 3274 1022 3337 iudices
1044 3275 1192 3340 uolumus

96 3375 175 3435 utin
190 3394 228 3435 eo
243 3375 344 3436 tinore
359 3374 532 3455 precipiunt
554 3377 593 3438 ad
617 3377 773 3439 sculdahis
795 3396 881 3449 suos
903 3376 1017 3438 autad
1040 3379 1192 3453 centinos,

44 3509 47 3517 ·
97 3482 149 3536 aut
171 3476 211 3536 ad
233 3475 435 3554 locopositos,
458 3477 507 3538 uel
531 3498 610 3558 quos
633 3481 690 3541 sub
714 3499 748 3541 se
770 3479 887 3539 hahent
909 3479 1080 3552 ordinatos,
1103 3491 1139 3544 ut
1162 3490 1192 3543 et

94 3576 155 3655 ipsi
182 3576 321 3638 similiter
349 3577 478 3651 faciant,
509 3587 539 3640 et
565 3581 748 3660 promittant
768 3581 807 3641 ad
834 3579 934 3640 iudice
957 3601 1029 3655 suo,
1058 3581 1140 3644 sicut
1161 3590 1193 3644 et

94 3676 154 3756 ipsi
173 3677 289 3739 iudices
310 3680 399 3741 nobis
418 3681 636 3760 promiserunt,
656 3690 689 3743 ut
704 3682 743 3745 sit
757 3681 848 3743 nobis
864 3690 895 3743 et
908 3682 966 3744 illis
982 3683 1190 3763 tranquillitas

95 3785 126 3838 et
148 3781 308 3842 mercedes
330 3781 362 3840 in
385 3782 497 3843 anima.
531 3782 609 3845 Nam
632 3784 684 3864 qui
704 3804 722 3846 a
744 3790 889 3862 presente
911 3783 960 3843 die
975 3783 1190 3846 Kalendarum

94 3880 275 3942 Martiarum
306 3900 344 3943 ea
373 3901 454 3962 quae
482 3885 622 3963 superius
652 3885 763 3965 legitur
788 3905 851 3946 non
880 3886 1114 3947 conseruauerit
1136 3895 1192 3950 aut

94 4001 158 4042 non
188 3982 394 4062 conpleuerit‚
426 3994 456 4046 et
483 3992 585 4047 tantos
614 3986 850 4048 reclamationes
881 3987 921 4048 ad
949 4006 1008 4048 nos
1037 3988 1191 4061 uenerint,

93 4082 195 4161 primo
223 4085 376 4159 omnium,
407 4086 446 4146 de
474 4087 560 4150 cuius
582 4087 726 4150 iudicalia
747 4090 816 4168 ipse
836 4089 933 4150 homo
955 4089 1102 4151 iustitiam
1124 4109 1190 4151 non

93 4183 238 4246 habuerit
267 4194 298 4247 et
328 4187 368 4248 ad
398 4206 457 4250 nos
487 4189 614 4265 uenerit,
644 4189 720 4252 sciat
741 4209 785 4264 se,
816 4190 889 4270 quia
912 4190 951 4251 de
971 4191 1041 4272 ipso
1062 4191 1190 4254 honore
