2574 4710
157 339 393 404 uvrnaannr
414 343 538 404 uncus
560 342 654 403 auur
675 343 786 408 xxru.
809 322 891 409 can
915 344 1077 408 natta.
1122 346 1180 410 143

93 528 182 590 ribus
204 526 310 599 faciat,
333 527 410 590 sicut
432 547 527 608 supra
548 527 720 593 statuimus.
752 527 783 588 Si
805 527 930 608 quidem
952 528 1129 608 simpliciter
1149 529 1180 589 in
1232 566 1239 583 .

94 629 278 692 scandalum
305 629 536 710 qualiscumque
564 629 674 690 mulier
699 629 878 701 cucurrerit,
912 639 943 690 et
971 639 1102 692 mortem
1130 638 1183 693 aut

94 732 222 812 plagam
249 737 303 792 aut
333 731 455 792 feritam
480 730 522 792 ibi
556 732 743 812 susceperit,
775 731 819 794 sic
846 732 875 792 ei
904 731 996 792 faciat
1026 731 1180 805 iustitiam,

93 835 174 896 sicut
205 834 353 896 decessor
389 840 496 895 noster
527 833 647 895 rothari
679 854 736 894 rex
772 831 902 896 instituit
938 832 1019 918 [cap.
1047 832 1119 919 318]
1152 843 1182 896 ct

91 935 247 1000 iudicauit.

179 1027 249 1102 lla.
270 1036 335 1102 llll.
389 1037 419 1097 Si
447 1037 515 1117 quis
546 1037 642 1099 homo
670 1037 769 1098 sciens
798 1035 936 1098 haldium
964 1044 1016 1098 aut
1044 1037 1180 1100 haldiam

94 1159 192 1211 suam,
216 1157 342 1201 seruum
360 1138 411 1199 uel
431 1138 588 1211 ancillam,
610 1138 641 1199 in
664 1157 769 1200 casam
784 1138 1002 1218 cuiuscumque
1019 1139 1107 1212 essit,
1129 1148 1182 1202 aut

95 1242 256 1322 copclattts
279 1247 333 1302 aut
353 1240 457 1313 aliter,
486 1249 516 1302 et
537 1260 601 1302 non
623 1259 694 1300 eum
719 1240 902 1320 requesierit
931 1246 984 1301 aut
1004 1240 1181 1320 periodica

96 1352 148 1405 aut
166 1362 225 1423 per
249 1342 369 1423 publico
392 1350 423 1402 et
443 1362 506 1404 non
529 1361 599 1403 eum
620 1341 770 1424 retulerit,
793 1349 824 1402 et
845 1340 994 1404 dimiserit
1013 1361 1084 1403 eum
1106 1352 1182 1423 aput

94 1446 225 1507 alterum
250 1444 407 1506 hominem
434 1443 544 1506 diutius
577 1462 777 1524 permanere:
814 1463 876 1505 non
902 1445 1039 1524 requirat
1066 1464 1179 1526 operas

96 1566 221 1619 corum,
244 1545 316 1626 quia
338 1546 496 1607 sciendum
517 1546 651 1628 neglexit
672 1545 821 1626 requirire
844 1565 967 1608 seruum
989 1547 1040 1608 uel
1060 1547 1180 1619 ancilla,

93 1649 234 1712 haldinm
260 1648 311 1709 uel
336 1647 474 1708 haldiam
502 1668 601 1714 suam,
658 1649 739 1710 Nam
765 1647 791 1710 si
816 1648 1011 1728 requisiuerit
1036 1649 1179 1712 dontinus

92 1769 220 1825 eorum,
253 1756 284 1811 et
309 1748 360 1809 ille
390 1750 442 1830 qui
470 1769 524 1812 eos
550 1750 707 1823 habuerit,
739 1751 908 1831 neglexerit
938 1752 1096 1824 redderet,
1129 1759 1182 1814 aut

90 1851 303 1925 antestetcrit,
334 1852 445 1914 reddat
469 1871 583 1933 operas
614 1869 723 1913 eorum
751 1852 828 1914 sicut
848 1853 899 1914 lex
920 1861 968 1915 est
990 1852 1085 1938 [nort.
1108 1856 1180 1919 276.

89 1938 212 2036 nup.
234 1952 297 2051 69].

151 2274 294 2336 lNGlPlT
315 2273 367 2333 DE
388 2271 496 2333 ANNO
518 2272 704 2335 VlCESIMO
725 2273 870 2335 TERTIO
893 2274 932 2358 (p.
956 2274 1027 2336 Car.
1050 2274 1132 2358 735).

177 2460 213 2521 ln
245 2458 370 2520 nominc
403 2456 519 2519 domini
553 2457 652 2519 nostri
683 2458 750 2520 iesu
789 2457 893 2520 christi
930 2476 988 2538 ego
1026 2458 1180 2538 liutprand

95 2560 370 2624 excellentissimus
384 2559 567 2621 christianus
584 2566 676 2640 atque
698 2559 866 2621 catholicus
885 2579 940 2619 rex
955 2559 1052 2640 gentis
1067 2559 1181 2641 lango-

94 2664 279 2734 bardorum,
302 2662 470 2742 adiungere
490 2661 699 2741 praeuidimus
714 2680 776 2723 una
791 2681 860 2722 cum
881 2660 1032 2724 iudicibus
1054 2670 1085 2722 et
1098 2660 1181 2723 fide-

93 2765 175 2828 libus
196 2763 311 2826 nostris
332 2763 363 2823 in
392 2762 482 2823 edicti
502 2762 629 2844 pagina,
658 2783 740 2826 anno
767 2763 853 2844 regni
880 2763 941 2824 mci
962 2763 1021 2825 deo
1046 2763 1181 2844 propitio

94 2867 243 2930 uicesimo
265 2864 356 2928 tertio
379 2863 428 2924 die
454 2864 657 2926 kalendarum
683 2865 864 2927 martiarum
891 2864 1056 2928 indictione
1081 2865 1180 2939 tertia,

93 2969 147 3031 illa
168 2967 320 3048 capitula,
350 2954 523 3045 que'antea
548 2965 686 3028 instituta
712 2987 776 3028 non
802 2974 870 3029 erat
895 2975 925 3029 et
952 2968 1033 3027 unde
1060 2986 1181 3048 cogno-

94 3071 196 3132 uimus
218 3088 289 3131 esse
310 3066 493 3150 intentione,
521 3074 555 3128 ut
576 3069 690 3130 amodo
717 3068 806 3130 nulla
822 3069 863 3131 sit
886 3067 1036 3131 iudicibus
1057 3068 1181 3143 nostris,

95 3172 150 3253 qui
177 3171 316 3232 iudicare
349 3170 477 3244 debent,
512 3168 745 3250 qualiscumque
777 3169 932 3242 dubietas,
971 3171 1025 3231 sed
1052 3168 1182 3231 firmiter

93 3272 218 3354 possint
234 3272 416 3345 decernere,
438 3270 516 3334 sicut
536 3269 587 3332 hic
608 3271 668 3335 deo
690 3273 814 3334 fauente
829 3270 1059 3346 adnotanimus‚
1080 3271 1112 3331 id
1134 3278 1183 3333 est

93 3377 125 3436 in
146 3373 270 3456 primis:
366 3441 368 3444 ¹

182 3475 296 3542 143.1.
340 3474 371 3535 Si
393 3474 610 3554 cuiuscumque
632 3495 740 3538 seruus
763 3482 817 3536 aut
836 3474 961 3547 ancilla,
988 3472 1109 3536 haldius
1131 3475 1181 3535 uel

94 3578 202 3640 haldia
227 3577 258 3637 in
288 3575 449 3639 ecclesiam
478 3577 527 3637 dei
553 3577 728 3658 confugium
754 3577 877 3650 fecerit,
909 3583 940 3638 et
967 3575 1109 3659 dominus
1131 3576 1182 3637 uel

93 3690 248 3762 patronus
281 3697 389 3741 eorum
423 3687 476 3740 aut
503 3697 560 3758 per
587 3697 623 3740 se
650 3685 788 3758 aut.per
820 3677 932 3741 missos
963 3695 1037 3739 suos
1071 3676 1181 3738 exinde

95 3782 249 3844 uiolenter
269 3781 414 3854 traxerit,
443 3788 599 3861 conponat
626 3780 766 3861 uuirigild
794 3800 883 3844 suurn
910 3779 941 3840 in
970 3778 1182 3859 suprascripta

95 3884 233 3948 basilica.
286 3883 326 3944 Et
353 3882 380 3943 si
407 3902 514 3946 seruus
546 3882 595 3944 uel
621 3882 744 3945 haldius
775 3883 841 3944 sine
873 3881 1032 3943 uoluntate
1066 3880 1182 3942 domini

95 3985 145 4048 sui
165 3985 228 4046 hoc
255 3984 370 4045 malurn
391 3984 512 4056 fecerit,
546 3986 598 4047 det
622 3984 691 4066 ipso
721 4003 813 4048 seruo
841 3991 895 4046 aut
919 3983 1098 4045 haldionem
1122 4002 1181 4063 pro

94 4087 165 4167 ipso
197 4085 281 4148 malo
312 4085 344 4146 in
376 4105 468 4147 manu
496 4087 537 4147 de
567 4087 695 4149 custode
726 4086 823 4169 ipsius
856 4085 1019 4157 basilicae,
1053 4091 1084 4147 ct
1114 4084 1181 4164 ipse

96 4188 241 4251 dominns
271 4187 321 4249 uel
346 4195 496 4268 patronus
525 4189 709 4265 satisfaciat,
745 4189 827 4271 quod
855 4207 911 4269 per
939 4186 1036 4267 ipsius
1065 4186 1181 4248 uolun-
