2574 4710
346 352 559 416 PrlCTlONES
582 354 634 414 DE
654 353 840 431 LEBVRHS,
864 375 892 422 a.
914 357 985 422 933.
1148 359 1207 423 183
1258 294 1261 308 Ι

117 537 170 598 ille
193 557 264 598 eum
286 539 324 598 de
346 539 414 619 ipso
437 540 532 600 fundo
554 558 617 601 nou
640 539 825 612 mobuisset,
848 541 962 602 autad
986 560 1112 602 manum
1134 561 1205 603 eum

117 659 180 700 nou
203 640 474 719 apprehendisset,
501 641 638 703 inueniat
665 641 750 701 illurn
778 649 809 703 et
836 649 963 704 reuocet
991 662 1062 705 eum
1083 643 1114 704 in
1135 644 1204 725 ipso

115 740 225 807 fundo.
267 740 335 803 Alia
357 743 449 804 talem
472 743 567 806 faciat
587 743 655 822 ipse
676 743 891 823 neapolitanus
908 745 948 805 ad
968 744 1069 825 ipsum
1088 745 1205 827 lango-

116 844 260 918 bardum,
283 844 309 906 si
324 864 395 906 eum
416 846 487 906 inde
510 845 684 926 quaesierit.
714 845 794 906 Nam
810 844 858 929 [si]
876 866 932 907 sua
946 846 1114 919 uoluntate,
1137 847 1205 910 siue

115 945 246 1008 consilio
275 947 314 1008 de
340 932 409 1028 ipso
431 948 626 1028 langobardo
650 956 705 1009 aut
726 949 765 1010 de
786 947 855 1027 ipso
876 947 1077 1027 neapolitano
1101 956 1203 1010 motus

114 1045 208 1108 fuerit
227 1047 295 1127 ipse
317 1067 426 1111 seruus
449 1050 488 1110 dc
509 1049 578 1130 ipso
600 1050 712 1124 fundo,
741 1058 773 1112 'et
799 1050 886 1112 uadit
906 1049 938 1110 iu
959 1057 1074 1110 terram
1101 1050 1202 1122 aliam,

113 1154 186 1209 tuuc
201 1148 343 1211 diuidant
355 1150 566 1230 langobardus
582 1151 694 1230 etipse
716 1152 932 1231 neapolitanus
952 1151 1053 1231 ipsum
1073 1152 1202 1213 fundum

111 1268 169 1329 per
192 1251 390 1314 medietatem
414 1272 483 1313 cum
505 1253 646 1315 omnibus
668 1253 892 1332 pertinentibus
908 1254 947 1314 de
962 1254 1073 1314 eodem
1093 1254 1201 1320 fundo.

112 1355 230 1415 Tamen
254 1355 512 1435 quandocumque
535 1362 622 1416 extra
644 1355 887 1416 dominationem
908 1356 948 1425 de
971 1354 1157 1435 neapolim
1148 1375 1202 1414 m-

111 1456 233 1518 uenerit
254 1456 322 1536 ipse
341 1456 553 1537 langobardus
573 1457 706 1517 eundem
727 1476 860 1529 seruum,
884 1455 1099 1536 apprehendat
1120 1476 1200 1530 eum,

61 1628 65 1635 ‚
114 1564 145 1620 et
163 1558 283 1620 habeat
304 1577 375 1618 eum
396 1577 472 1621 suae
493 1559 667 1641 potestatis,
694 1558 771 1622 sicut
793 1578 883 1622 suum
904 1557 1074 1638 proprium

160 1780 438 1876 [rucrrouus
465 1781 694 1854 cuncoru
719 1781 856 1856 nvcrs
882 1782 941 1854 m
967 1780 1157 1856 torturus

212 1949 214 1952 Α
270 1898 498 1975 cousins
525 1900 851 1996 unarommur,
879 1924 911 1972 a.
931 1901 1032 1996 aas]

100 2104 104 2111 ·
195 2070 470 2152 †Repromittimus
493 2077 524 2132 et
548 2071 687 2133 iuramus
709 2079 740 2133 et
765 2071 869 2132 iurare
894 2070 1042 2134 faciemus
1064 2091 1122 2132 uos
1144 2072 1197 2133 io-

108 2173 229 2234 hannes
251 2174 405 2235 consulet
424 2174 493 2247 dux,
515 2172 605 2234 uobis
626 2173 709 2236 dom.
731 2173 870 2233 landolfo
892 2180 923 2234 et
942 2173 1026 2238 dom.
1047 2171 1195 2244 atenolfo,

107 2293 164 2336 seu
191 2281 223 2335 et
249 2274 333 2340 dom.
356 2274 483 2337 atenolfi
509 2273 655 2355 principis
681 2273 752 2336 liliis
775 2281 805 2337 et
829 2293 927 2354 nepos
956 2273 1040 2339 dom.
1068 2272 1196 2335 atenolfi

109 2375 311 2455 principibus,
341 2377 413 2457 quia
440 2377 555 2438 amodo
582 2382 613 2438 et
639 2394 764 2456 semper
789 2394 895 2438 sumus
918 2383 948 2438 et
969 2376 1083 2438 erimus
1105 2375 1195 2438 uobis

109 2477 173 2538 ueri
203 2477 306 2552 amici,
335 2480 455 2559 absque
482 2477 567 2538 omni
595 2477 677 2539 mala
704 2477 887 2558 deceptione
909 2485 940 2539 et
966 2480 1085 2558 absque
1110 2478 1195 2540 omni

106 2578 180 2640 dolo
205 2585 236 2639 et
255 2578 378 2641 fallacia
400 2588 430 2642 et
452 2578 534 2641 malo
555 2578 687 2661 iugenio,
710 2588 741 2643 et
761 2581 845 2641 nulla
867 2579 1117 2641 contrarietatem
1141 2586 1195 2642 aut

102 2681 294 2743 inimicitiam
318 2681 466 2744 faciemus
494 2681 583 2745 uobis
604 2681 636 2742 in
665 2688 729 2744 toto
759 2682 931 2762 principatu
958 2688 1064 2744 uestro
1091 2682 1193 2742 bene-

102 2790 239 2845 ueutano
262 2803 331 2845 cum
352 2784 494 2846 omnibus
517 2783 580 2846 suis
601 2785 802 2865 pertinentiis,
824 2804 881 2845 nec
902 2784 933 2844 iu
952 2790 1021 2846 toto
1043 2783 1191 2845 comitato

102 2903 261 2963 capuano,
291 2905 349 2946 uec
373 2886 403 2945 in
433 2891 524 2947 teano
547 2904 614 2946 cum
635 2886 826 2967 pertinentiis
849 2887 926 2959 suis,
952 2885 1061 2946 necin
1082 2885 1190 2946 homi-

101 2984 192 3048 nibus
221 2986 346 3059 uestris,
376 3006 433 3047 nee
460 3005 534 3059 uos,
562 3005 620 3046 ncc
647 2987 790 3052 homines
818 2989 934 3051 nostris
963 3008 1020 3067 per
1048 2994 1188 3050 nostram

100 3087 305 3163 uoluntatem,
323 3107 424 3168 neque
439 3107 496 3167 per
511 3087 766 3170 qualemcumque
781 3089 1018 3152 submissionem
1032 3097 1186 3164 nostram;

100 3194 132 3250 et
152 3188 180 3253 si
200 3190 317 3252 factum
338 3189 429 3251 fuerit
450 3190 569 3270 absque
590 3198 732 3252 nostram
751 3189 953 3263 uoluntatem,
982 3191 1186 3253 iudicauimus

99 3291 191 3354 uobis
213 3293 323 3353 exinde
345 3292 513 3354 secuudum
540 3290 639 3371 legem
666 3310 868 3354 romanorum
896 3297 949 3353 aut
970 3291 1185 3400 langobardo—

99 3413 169 3458 rum
191 3396 310 3474 absque
332 3393 486 3456 malitiosa
508 3392 681 3455 occasione.

183 3499 212 3561 2.
256 3497 302 3556 De
330 3495 502 3559 sarracenis
530 3502 633 3556 autem
659 3494 720 3556 hoc
746 3495 836 3557 uobis
861 3495 1083 3575 promittimus,
1111 3497 1183 3575 quia

99 3598 142 3659 sio
169 3617 228 3678 per
254 3598 359 3659 omnia
380 3604 411 3658 et
438 3596 469 3658 iu
497 3594 640 3658 omnibus
668 3595 761 3677 pleno
789 3599 894 3658 animo
921 3617 980 3659 uos
1005 3605 1038 3659 et
1065 3606 1182 3659 terram

97 3704 234 3760 uestram
267 3707 376 3760 contra
408 3718 463 3762 eos
496 3696 727 3771 adiuuauimus,-
755 3698 809 3759 ubi
839 3698 1048 3762 necessarium
1079 3699 1180 3774 fuerit,

96 3806 255 3879 tamquam
276 3800 406 3862 nosmed
427 3799 513 3880 ipsos
536 3809 567 3862 et
586 3807 702 3861 terram
723 3782 872 3866 nostram.

178 3903 208 3965 3.
251 3901 297 3960 De
318 3900 453 3963 leborias
476 3909 578 3963 autem
592 3902 654 3964 hoc
674 3902 763 3964 uobis
785 3901 1000 3981 promittimus,
1022 3910 1054 3964 ut
1068 3909 1177 3976 terras
1250 3981 1252 3984 Ι

95 4021 204 4064 seruos
220 4010 251 4063 et
272 4001 398 4066 ancillas
421 4022 475 4064 scu
496 3990 638 4077 fundora,
662 4021 741 4083 quae
756 4023 812 4082 per
825 4004 1041 4066 concessiones
1056 4003 1177 4067 habetis

93 4124 150 4165 uos
174 4112 203 4165 et
224 4103 366 4166 homiues
387 4105 498 4168 uestris
512 4106 543 4165 iu
565 4103 691 4167 liburias
714 4125 733 4166 a
755 4105 879 4186 siugulis
902 4105 1029 4168 ducibus
1052 4126 1177 4186 neapo-

93 4204 267 4279 litanorum,
290 4205 389 4290 [ptrue]
405 4207 570 4288 possidetis
587 4207 777 4288 temporibus
793 4209 876 4274 dom.
892 4207 1059 4270 landonolfi
1075 4209 1176 4289 patrui
