2574 4710
168 281 377 370 aitoatutsr
398 309 448 368 ar
465 308 663 372 srurnvtn
683 308 842 380 Diuisio,
866 330 894 376 a.
918 310 988 376 cnr.
1011 313 1082 378 est.
1143 317 1202 382 teo
1231 307 1232 311 '

104 492 185 553 libus
209 492 400 554 satisfaciant
421 493 494 553 illud
518 500 580 555 tres
602 503 773 572 personae,
805 494 896 572 quale
918 514 975 556 uos
1008 496 1201 574 quaesieritis
1277 551 1279 554 .

105 614 123 654 a
146 603 236 673 parte
259 613 346 668 mea;
370 603 400 654 et
422 595 460 653 de
482 594 602 656 rusticis
625 603 688 656 tres
710 613 865 673 personae
888 597 927 655 de
948 594 1017 675 ipso
1040 597 1120 672 loeo,
1148 598 1201 659 ubi

103 696 304 757 homicidium
320 696 412 756 fuerit
433 704 654 776 perpetratum,
678 695 769 777 quale
785 716 842 757 uos
859 697 1062 776 quaesieritis,
1085 707 1115 760 et
1130 699 1199 762 illos

103 797 278 859 homicidas
295 798 451 869 dabimus,
469 807 501 859 ut
516 798 708 878 praedictum
724 807 779 870 est,
801 798 832 858 in
847 806 1034 878 potestatem
1051 808 1198 876 uestram,

103 907 134 960 et
157 900 183 960 si
204 900 385 962 satisfacere
407 920 470 962 non
492 899 605 962 fuerint
627 919 737 970 ausae,
765 900 803 959 de
829 899 982 961 nobilibus
1010 920 1199 981 componam

103 1002 194 1063 uobis
217 1002 276 1063 tria
298 1002 382 1062 milia
404 1002 563 1063 bizanteos
587 1020 710 1073 aureos,
734 1009 763 1062 et
786 1002 824 1061 de
846 1001 965 1064 rusticis
988 1000 1044 1063 fiat
1066 1022 1198 1082 compo-

103 1103 173 1163 sitio
196 1105 365 1164 secundum
388 1104 507 1184 legem3
532 1110 561 1162 et
580 1103 651 1164 illos
674 1102 846 1164 homicidas
867 1103 893 1165 si
914 1103 1032 1164 habere
1054 1087 1199 1184 potueri-

104 1225 186 1276 mus,
218 1207 383 1267 ‘trademus
423 1204 512 1266 uobis
546 1205 584 1264 ad
620 1204 796 1265 faciendum
830 1205 868 1264 de
902 1205 945 1266 eis
980 1206 1197 1287 quodcumque

102 1306 278 1380 uolueritis;
308 1315 338 1368 et
361 1306 507 1386 quamdiu
530 1325 584 1367 eos
608 1306 725 1367 habere
747 1325 809 1366 non
831 1307 1033 1385 potuerimus,
1055 1308 1196 1370 dabimus

100 1409 131 1467 in
154 1416 309 1487 potestate
331 1417 435 1470 uestra
456 1406 593 1487 integras
609 1407 798 1469 substantias
815 1420 933 1479 eorum,
957 1416 987 1469 et
1001 1409 1070 1470 illos
1087 1409 1196 1470 homi-

101 1510 186 1572 cidas
218 1492 478 1589 quandocumque
507 1508 699 1589 potuerimus
729 1509 861 1580 habere,
895 1508 1010 1588 pariter
1043 1510 1193 1576 dabimus.

100 1612 146 1670 De
169 1612 336 1672 homicidio
360 1610 451 1673 subiti
472 1610 611 1673 scandali
633 1611 685 1685 sit,
716 1611 793 1699 sicut
814 1611 845 1670 in
867 1610 935 1690 lege
957 1618 1065 1672 nostra
1089 1613 1195 1673 sanci-

101 1720 166 1773 tum
189 1721 245 1778 est.
608 1710 614 1719 ⁸
797 1696 800 1701 ι

184 1818 235 1880 21.
280 1815 311 1875 Si
339 1834 396 1894 ego
424 1814 596 1894 radelgisus
625 1813 739 1893 aliquid
766 1813 883 1875 donaui
905 1814 944 1874 de
967 1832 1061 1876 causa
1087 1814 1195 1893 palatii

98 1915 179 1976 infra
213 1924 333 1977 uestros
366 1914 456 1986 fines,
489 1915 527 1976 sit
558 1915 588 1974 in
622 1924 776 1994 potestate
809 1923 914 1976 uestra
946 1915 1049 1975 facere
1082 1916 1194 1976 exinde

100 2019 318 2097 quodcumque
339 2017 509 2081 uolueritis.
552 2017 591 2077 Et
611 2015 636 2078 si
659 2024 691 2077 tu
713 2017 873 2096 siginulfus
903 2002 1046 2095 princeps
1070 2017 1192 2078 donasti

99 2119 214 2198 aliquid
238 2119 276 2178 de
300 2138 396 2180 causa
417 2117 522 2197 palatii
544 2118 583 2178 ad
605 2117 673 2179 illos
696 2117 856 2190 homines,
887 2117 938 2197 qui
961 2117 1046 2198 prius
1068 2120 1192 2182 fuerunt

97 2222 128 2281 in
148 2229 204 2300 tua
227 2227 381 2298 potestate
405 2227 435 2280 et
456 2220 551 2280 modo
583 2219 706 2280 suntin
730 2238 815 2291 mea,
845 2226 993 2298 quantum
1022 2219 1133 2281 exinde
1160 2221 1191 2281 in

97 2330 150 2383 tua
172 2321 314 2402 portione
335 2321 435 2394 fuerit,
458 2321 542 2382 sitin
558 2329 663 2382 uestra
685 2330 839 2400 potestate
862 2322 972 2381 exinde
987 2322 1090 2382 facere
1106 2323 1190 2402 quod

97 2425 242 2489 uolueris.
286 2423 324 2483 Et
346 2422 372 2484 si
394 2443 451 2504 ego
475 2423 646 2503 radelgisus
670 2423 783 2483 donaui
806 2423 1001 2502 aliquid-per
1023 2424 1118 2482 breue
1137 2431 1190 2484 aut

96 2546 154 2606 per
176 2535 376 2605 praeceptum
400 2526 438 2586 ad
465 2525 623 2599 homines,
654 2524 706 2605 qui
731 2525 855 2585 fuerunt
883 2544 1003 2585 mecum
1036 2533 1066 2586 et
1094 2525 1188 2585 modo

96 2637 168 2689 sunt
190 2636 308 2701 tecum3
332 2635 362 2686 et
383 2627 425 2687 illi
446 2627 557 2688 iterum
573 2646 629 2706 per
652 2646 864 2707 quaecumque
887 2626 1055 2687 monimina
1078 2626 1188 2686 exinde

95 2729 247 2789 dederunt
269 2728 450 2809 cuicumque
474 2729 598 2808 aliquid,
620 2749 683 2790 non
697 2728 769 2788 inde
783 2729 898 2789 faciant
918 2728 1064 2790 iustitiam
1085 2728 1187 2800 aliam,

93 2829 153 2890 nisi
175 2831 390 2892 tantummodo
413 2831 545 2892 reddant
568 2832 651 2910 quod
672 2831 803 2910 proinde
831 2841 1030 2911 acceperunt,
1059 2839 1090 2893 et
1115 2831 1188 2892 illud

96 2921 262 3012 quod'cgo
294 2932 408 2993 donaui
436 2933 545 2992 redeat
573 2933 612 2993 ad
634 2932 719 3005 illos,
750 2934 860 3014 quibus
887 2954 943 3012 per
968 2933 1069 3013 legem
1096 2934 1189 2994 debet

93 3033 259 3111 pertinere.
302 3034 340 3095 Et
362 3034 401 3092 de
423 3033 508 3092 omni
531 3052 635 3108 causa,
660 3054 740 3113 quac
764 3036 878 3095 amodo
901 3034 1091 3096 surrexerint
1109 3034 1188 3095 inter
1219 3030 1221 3034 ’

93 3133 237 3195 homines
260 3135 421 3214 utriusque
436 3134 532 3215 partis
555 3135 758 3197 iudicauimus
775 3136 886 3196 exinde
901 3137 1071 3198 secundum
1086 3136 1188 3216 legem
1252 3120 1255 3124 Δ

94 3243 125 3296 et
146 3237 291 3299 iustitiam
315 3240 434 3317 absque
456 3237 542 3298 omni
562 3237 675 3299 iniusta
698 3237 854 3298 dilatione.
888 3239 947 3299 Sed
971 3240 1061 3299 etde
1084 3238 1186 3300 causis

94 3339 311 3410 anterioribus,
342 3359 420 3419 quas
443 3339 620 3400 habuerunt
640 3339 782 3401 homines
807 3340 967 3421 utriusque
988 3339 1085 3420 partis
1107 3341 1187 3401 inter

93 3461 136 3517 sc,
159 3441 363 3502 iudicauimus
387 3441 497 3500 exinde
524 3442 695 3502 secundum
723 3443 822 3522 legem
846 3450 876 3503 et
897 3443 1044 3504 iustitiam
1066 3443 1187 3522 absque
1213 3467 1215 3471 ·

92 3544 177 3604 omni
199 3542 313 3604 iniusta
336 3543 484 3604 dilatione
499 3543 549 3602 uel
567 3542 685 3604 fraudis
709 3553 901 3624 argumento,
925 3554 1056 3624 excepto
1078 3543 1186 3628 homi-

92 3646 173 3707 cidio
190 3654 221 3706 et
240 3646 393 3718 incendio,
417 3645 659 3725 depraedatione
675 3665 711 3707 ac
733 3646 810 3718 zala,
834 3647 872 3706 de
895 3647 1005 3726 quibus
1022 3654 1068 3708 est
1088 3664 1186 3726 supe-

90 3747 156 3808 rius
179 3745 351 3812 definitum.

176 3853 227 3914 22.
272 3848 423 3911 Omnibus
445 3849 620 3911 hominibus
644 3860 767 3912 uestrae
782 3850 879 3930 partis
897 3850 1084 3912 habentibus
1100 3869 1185 3912 rixo·
1264 3894 1268 3900 -

91 3970 141 4013 res
165 3952 214 4012 uel
237 3970 370 4031 sponsas
393 3971 467 4012 suas
489 3951 520 4011 in
543 3960 631 4031 parte
653 3962 774 4025 nostra,
803 3952 829 4015 si
851 3972 904 4014 eas
928 3952 1128 4033 quaesierint,
1155 3961 1186 4014 et
1278 3982 1280 3986 ¹

89 4073 148 4115 nos
171 4054 361 4124 nouerimus,
382 4053 549 4114 reddemus
572 4073 625 4115 eas
648 4057 767 4135 absque
790 4054 955 4116 detinentia
978 4073 1046 4114 cum
1060 4054 1139 4117 filiis
1154 4063 1185 4116 et

90 4154 213 4217 filiabus
238 4155 311 4226 suis,
334 4154 448 4217 nullam
471 4149 642 4217 laesionem
665 4138 877 4222 membrorum
899 4155 1050 4219 habentes
1069 4158 1183 4218 amodo
1281 4153 1282 4157 ’
