2574 4710
151 339 192 402 28
365 333 531 398 EDICTVS
551 335 728 401 ROTHARI
750 335 831 401 (ᾺΡ.
857 336 1030 402 tat—138.

236 522 304 587 131.
346 521 393 581 De
408 522 469 583 alio
484 541 559 583 uero
571 520 786 593 minesteriale,
799 521 849 601 qui
863 522 1015 583 secundus
1031 521 1059 582 ei
1077 522 1235 596 inuenitur,

149 633 253 686 tamen
283 643 398 684 nomeu
432 623 639 685 minesteriale
672 622 781 697 habet,
814 623 841 684 si
867 623 935 703 quis
965 623 1128 699 occiderit,
1161 643 1234 686 cou-

133 733 247 806 .ponat
267 726 383 788 solidos
406 725 512 806 uiginti
534 733 565 786 et
586 711 732 806 quinque.
825 718 829 731 '

235 829 303 893 132.
345 827 392 887 De
407 847 498 889 seruo
514 827 668 889 massario
684 830 797 894 occiso.
831 828 861 889 Si
879 829 948 908 quis
964 846 1089 891 seruum
1106 826 1232 888 alienum

149 932 302 992 massario
323 929 478 1002 occiderit,
501 936 658 1009 conponat
678 929 794 991 solidos
816 930 933 1010 uiginti.

234 1036 303 1101 133.
350 1033 397 1092 De
427 1033 559 1093 bouulco
592 1034 706 1094 occiso.
771 1031 801 1092 Si
837 1034 905 1111 quis
940 1051 1065 1093 seruum
1104 1030 1230 1092 alienum

147 1136 278 1199 bouulco
302 1136 341 1196 de
363 1134 429 1196 sala
450 1135 607 1205 occiserit,
630 1141 785 1215 conponat
806 1133 923 1195 solidos
945 1134 1061 1214 uiginti.
1275 1216 1277 1223 Ι

233 1240 300 1304 134.
342 1238 388 1297 Dc
403 1255 494 1298 seruo
510 1237 697 1297 rusticanum
714 1240 764 1317 qui
781 1255 850 1297 cum
866 1236 1017 1297 massario
1040 1244 1097 1301 est.
1122 1236 1152 1297 st
1169 1237 1229 1317 quis

147 1360 272 1402 seruum
294 1339 428 1401 alienum
450 1338 640 1400 rusticanum
663 1343 714 1418 qui
742 1358 810 1399 cum
838 1338 990 1399 massario
1014 1345 1061 1399 est
1086 1338 1229 1411 occiserit,

147 1447 303 1522 conponat
323 1441 441 1503 solidos
464 1440 609 1501 sedicem.
643 1500 644 1503 ,
1274 1430 1277 1441 “

232 1546 301 1611 135.
343 1542 390 1602 Dc
417 1548 544 1622 pastore
571 1542 684 1606 occiso.
740 1540 772 1603 Si
803 1541 871 1621 quis
897 1541 1072 1622 porcarium
1102 1542 1228 1604 alienun

146 1645 296 1722 occiserit,
319 1650 507 1725 magestrum
530 1649 634 1704 tamen
655 1641 748 1715 illum,
773 1643 824 1722 qui
845 1645 901 1706 sub
917 1663 951 1706 sc
967 1643 1134 1724 discipulos
1149 1643 1232 1705 habit

146 1749 208 1809 duo
237 1755 289 1809 331
314 1754 376 1809 tres
404 1753 457 1807 aut
484 1744 632 1824 amplius,
664 1753 819 1825 conponat
851 1745 967 1808 solidos
995 1747 1231 1828 quinquagenta.

144 1850 190 1910 De
213 1849 374 1910 inferiores
401 1855 503 1910 autem
529 1848 707 1926 porcarioS,
737 1847 764 1909 si
786 1849 855 1928 quis
883 1849 1043 1922 occiderit,
1077 1856 1232 1929 conponat

145 1951 262 2015 solidos
284 1951 390 2031 uiginti
412 1958 443 2012 et
464 1948 609 2031 quinque.

230 2057 300 2122 136.
348 2054 395 2114 De
429 2052 590 2132 pecorario
626 2053 769 2133 caprario
804 2074 859 2114 seu
893 2052 1081 2114 armentario
1117 2052 1231 2127 occiso,

144 2157 291 2238 magistro
315 2164 434 2228 tamen,
464 2155 490 2218 si
512 2155 580 2235 quis
607 2155 768 2227 occiderit,
796 2163 951 2235 conponat
976 2154 1084 2235 uiginti
1106 2153 1231 2216 solidos.

47 2302 49 2307 -
142 2261 202 2321 Pro
226 2259 401 2339 disccpulos
424 2264 540 2330 autern,
569 2258 619 2337 qui
643 2265 807 2337 sequentes
831 2264 914 2328 sunt,
938 2258 963 2318 si
986 2256 1054 2336 quis
1077 2255 1228 2328 occiderit,

97 2369 102 2387 ¹
143 2369 300 2442 conponat
333 2360 448 2422 solidos
486 2360 631 2424 sedicem.
700 2359 745 2419 De
776 2359 845 2421 illos
878 2378 953 2421 uero
989 2358 1124 2439 pastoris
1155 2359 1232 2419 dici-

143 2485 227 2537 mus,
256 2464 307 2544 qui
336 2463 386 2540 ad
403 2462 519 2524 liberos
546 2452 689 2522 homiues
718 2462 868 2545 seruiunt,
903 2462 993 2522 etde
1016 2460 1081 2523 sala
1103 2464 1234 2542 propria

142 2573 264 2633 exeunt.

227 2669 309 2733 tat·
338 2666 370 2727 Si
391 2647 491 2729 infans
521 2684 637 2747 paruus
665 2666 704 2725 de
731 2665 883 2727 massario
910 2664 1029 2728 occisus
1056 2665 1157 2728 fuerit.
1204 2666 1234 2728 Si

143 2770 213 2851 quis
239 2769 387 2830 infantem
413 2767 577 2848 paruulum
606 2768 644 2828 de
671 2786 763 2829 seruo
786 2766 938 2829 massario
967 2787 1040 2830 casu
1068 2768 1234 2830 facientem

142 2870 307 2944 occiderit,
341 2870 507 2931 arbitretur
543 2889 562 2930 a
595 2869 695 2955 iudice
733 2870 901 2932 secuudum
942 2871 1064 2950 qualem
1096 2879 1234 2933 aetatem

141 2973 259 3047 habuit,
282 2978 335 3033 aut
356 2972 479 3051 qualem
499 2971 617 3032 lucrum
638 2970 741 3032 facere
762 2973 875 3052 potuit:
897 2970 941 3033 ita
964 2982 1166 3052 conponatur.

228 3077 297 3141 133.
339 3074 386 3151 De
408 3074 520 3134 arbore
550 3073 752 3134 communiter
777 3074 874 3137 inciso
902 3075 1091 3155 homineque
1116 3075 1230 3143 occiso.

142 3178 174 3240 Si
204 3179 265 3239 duo
294 3184 347 3238 aut
375 3183 437 3237 tres
466 3183 519 3237 aut
546 3175 651 3255 plures
683 3176 826 3240 homines
854 3180 997 3238 arborem
1025 3197 1121 3239 unum
1149 3179 1231 3239 inci-

141 3280 245 3354 serint,
269 3287 300 3341 et
321 3279 416 3341 alium
436 3277 595 3339 hominem
617 3279 884 3359 superuenientem
907 3299 946 3340 ex
967 3283 1068 3360 ipsum
1084 3283 1231 3342 arborem

140 3385 329 3455 occiserint,
354 3389 407 3444 331
433 3381 592 3461 quodlibet
623 3382 769 3442 damnum
794 3381 927 3454 ficerint,
960 3389 1031 3443 tunc
1058 3383 1231 3448 incidentes

140 3487 295 3557 arborem,
319 3485 558 3564 quanticumque
579 3483 700 3557 fuerint,
722 3483 823 3563 ipsum
844 3483 1044 3545 homicidium
1066 3493 1119 3546 aut
1135 3486 1232 3546 darn-

140 3607 214 3648 uum
236 3589 352 3667 pariter
375 3593 559 3666 conponant.
602 3585 642 3644 Et
663 3587 687 3646 si
712 3605 785 3647 caso
807 3585 937 3647 faciente
960 3589 999 3647 ab
1022 3587 1091 3667 ipso
1114 3589 1231 3651 arbore

140 3689 251 3769 aliquis
274 3707 312 3748 ex
335 3689 412 3768 ipsis
435 3687 486 3768 qui
515 3685 663 3760 incidunt,
687 3694 824 3748 mortuus
846 3686 952 3760 fuerit,
984 3687 1009 3750 si
1032 3689 1093 3750 duo
1115 3688 1230 3751 fuerint

140 3791 335 3871 collegantes,
363 3791 513 3852 medietas
535 3789 644 3869 praetii
666 3796 825 3868 reputetur
845 3789 886 3850 illi
910 3789 1031 3863 mortui,
1054 3798 1085 3851 31
1106 3792 1229 3853 medie-

138 3899 232 3954 tatem
254 3891 365 3953 reddat
385 3891 564 3971 parentibus
587 3892 720 3972 collegas
743 3892 854 3971 ipsius3
879 3898 909 3952 et
930 3891 956 3953 si
977 3893 1081 3972 plures
1104 3893 1227 3967 fuerint,

138 3995 221 4055 idem
244 3994 337 4055 modo
360 3997 461 4073 portio
482 4013 543 4054 una
558 3989 716 4073 repotetur
737 3993 778 4055 illi
800 3993 913 4054 mortui
935 4001 966 4055 et
987 3995 1227 4077 quanticumque

138 4097 251 4158 suerint
278 4094 356 4167 uiui,
391 4095 523 4157 reddant
549 4094 639 4157 simul
666 4115 786 4158 summa
813 4096 936 4176 praetii,
964 4105 1105 4160 cessante
1132 4099 1226 4171 faida,

137 4199 208 4259 ideo
231 4197 302 4279 quia
324 4197 457 4259 nolendo
479 4196 625 4264 feceruut.
