2574 4710
59 404 62 412 ·
94 365 153 430 sco
183 338 210 443 j
307 459 310 465 Ι
363 361 528 424 unrcrvs
550 347 918 426 enuoonnnuonuu.

65 566 69 575 ·
92 556 123 610 et
145 547 203 610 sibi
224 546 434 609 reseruauerit
456 547 614 608 seruitium
634 547 731 626 ipsius
749 548 822 608 dum
845 546 1006 619 aduixerit,
1030 553 1060 608 et
1075 547 1182 607 decre-

93 651 181 724 uerit,
203 657 237 711 ut
257 655 330 728 post
351 648 478 709 obidum
501 651 566 710 eius
588 649 667 709 liber
688 649 742 711 sit:
766 648 908 710 stabilem
930 649 1045 727 debeat
1058 668 1181 729 perma-

92 772 167 813 nere
190 752 358 814 seeundum
386 757 472 812 textu
498 750 614 812 'cartule
642 770 735 830 quam
765 751 792 811 ei
818 750 942 824 lecerit,
972 751 1045 832 quia
1073 751 1180 813 iustum

93 854 183 916 nobis
208 853 366 934 apparuit,
396 862 430 915 ut
450 854 547 915 homo
570 854 801 914 benefactorem
824 872 930 925 suum,
960 853 1087 915 uiuente
1109 873 1178 925 eum,

95 956 249 1018 dimittere
270 975 333 1015 non
356 955 477 1021 debeat.
510 956 589 1015 Nam
612 955 709 1035 quiin
732 954 862 1016 ecclesia
885 955 1017 1016 liberum
1039 955 1179 1017 dimiserit

94 1078 150 1138 per
173 1078 282 1121 manus
306 1037 492 1132 sacerdotis,
520 1057 564 1118 sic
586 1064 712 1119 mancat
733 1057 761 1116 ei
781 1055 923 1129 libertas,
952 1057 1032 1120 sicut
1054 1056 1177 1119 anterior

96 1161 232 1224 edictus¹
257 1159 402 1225 contenit.

181 1295 229 1357 12.
261 1291 311 1354 lll,
338 1290 546 1372 Cognouimus
569 1290 744 1352 multotiens
767 1289 905 1370 perfidos
920 1289 1065 1351 homines
1082 1296 1177 1350 contra

96 1393 286 1455 uoluntatem
309 1394 523 1455 defunctorum
545 1412 672 1456 suorum
698 1373 861 1472 parentum
888 1411 996 1472 agere,
1027 1392 1101 1452 dum
1127 1391 1177 1471 ipsi

97 1516 153 1576 pro
177 1496 337 1557 animabus
361 1497 424 1558 suis
439 1498 496 1577 pei
510 1498 579 1557 loca
594 1493 782 1556 uenerabilia
797 1515 847 1557 res
864 1512 936 1556 suas
953 1493 1176 1570 distribuebant

98 1605 128 1657 et
155 1597 377 1677 pertinentibus
407 1599 471 1660 suis
502 1596 671 1677 simplicem
700 1597 875 1658 libertatem
901 1615 970 1656 cum
998 1597 1094 1657 rebus
1116 1594 1177 1675 qui-

97 1700 233 1762 buslibet
246 1701 415 1776 douabant,
437 1712 466 1762 et
482 1720 550 1761 cum
564 1699 640 1779 ipsis
654 1694 831 1760 homiuibus
845 1717 902 1778 per
917 1697 1029 1760 astutia
1046 1699 1174 1778 agebant,

98 1809 129 1862 et
160 1820 214 1864 eos
248 1803 288 1863 ad
320 1802 383 1864 suis
421 1802 586 1883 cespitibus
622 1800 811 1862 remoueutis
844 1800 876 1860 in
905 1819 996 1862 suum
1028 1797 1171 1860 seruitium

98 1903 302 1982 replicabant,
331 1905 532 1983 postmodum
559 1903 732 1964 libertatem
761 1900 852 1964 simul
874 1910 905 1964 et
924 1920 976 1962 res
998 1899 1170 1963 amittebant.

98 2003 173 2065 ldeo
205 2005 409 2085 preuidimus,
442 2006 524 2067 banc
555 2024 698 2067 resecare
731 2004 893 2077 malitiam,
926 2009 959 2063 ut
985 2002 1129 2065 uoluntas
1153 2011 1175 2062 et

100 2107 253 2169 ordinatio
282 2108 435 2187 inpleatur
464 2107 607 2174 defuncti.
656 2108 695 2169 Et
723 2106 766 2169 ita
795 2105 964 2177 sancimus,
997 2110 1031 2164 ut
1064 2104 1091 2165 si
1122 2102 1176 2183 quis

99 2209 309 2289 langobardus
332 2229 388 2290 per
409 2209 542 2281 cartola,
573 2211 604 2270 in
626 2209 789 2272 sanitatem
805 2215 857 2269 aut
872 2204 1077 2290 egritudinem
1091 2223 1177 2275 suam,

99 2330 149 2372 res
172 2331 244 2373 suas
268 2312 472 2384 ordinauerit‚
500 2319 530 2372 et
552 2312 662 2372 dixerit
687 2331 740 2373 eas
762 2311 880 2371 babere
899 2308 969 2370 loca
991 2306 1178 2379 uenerabilis,

70 2472 72 2476 ,
100 2420 130 2472 et
150 2413 291 2486 familias,
313 2434 370 2495 per
392 2432 517 2494 queres
535 2413 619 2493 ipsas
642 2412 833 2484 excoluntur,
854 2411 967 2473 liberas
984 2429 1055 2472 esse
1071 2409 1178 2482 dixerit,

101 2521 134 2574 ut
154 2514 185 2574 in
206 2515 281 2594 ipsis
303 2516 455 2596 religiosis
475 2515 551 2577 loeis
574 2515 728 2575 redditum
749 2514 878 2577 faciant:
901 2513 1073 2576 secundum
1094 2511 1178 2592 ipsius

101 2623 216 2676 statuta
230 2618 363 2679 reddant
373 2618 458 2678 omni
468 2617 499 2678 in
514 2626 655 2696 tempore
669 2617 753 2678 iuxta
769 2615 885 2678 domini
899 2615 945 2678 sui
959 2614 1178 2695 preceptionem

101 2715 161 2794 ipsi
183 2725 213 2777 et
234 2717 289 2777 filii
310 2719 444 2782 filiorum
465 2720 604 2795 illorum;
634 2726 665 2780 et
690 2718 751 2781 sint
775 2716 864 2779 liberi
890 2717 929 2776 de
955 2715 1018 2777 suis
1049 2713 1178 2795 personis

103 2817 181 2879 sicut
209 2819 324 2881 domini
351 2841 459 2884 eorum
484 2821 683 2893 instituerint,
716 2829 747 2883 et
775 2823 813 2882 ab
843 2819 907 2880 eius
933 2817 1102 2880 heredibus
1128 2836 1180 2878 non

103 2918 296 2998 replicentur,
318 2942 376 2995 nec
391 2923 429 2984 ad
454 2923 517 2985 suis
540 2922 714 3002 cespidibus
736 2928 966 2993 remoueantur‚
990 2920 1046 2982 sed
1062 2922 1101 2980 ab
1117 2919 1180 2999 ipsis

50 3038 53 3045 ’
103 3020 178 3083 locis
211 3025 438 3088 uenerabilibus
471 3024 686 3100 defensentur3
723 3032 852 3103 excepto
885 3022 911 3084 si
944 3040 1000 3083 sua
1033 3020 1183 3082 uoluntate

103 3124 236 3187 uoluerit
261 3127 359 3200 exire,
390 3127 543 3188 licentiam
574 3125 691 3187 babeat
717 3127 748 3186 in
777 3146 834 3188 sua
861 3124 1004 3186 libertate
1033 3123 1130 3196 exire,
1160 3127 1184 3181 et

104 3226 210 3288 uiuere
236 3229 289 3289 ubi
314 3229 454 3294 uoluerit.
504 3228 583 3289 Nam
609 3227 635 3290 si
664 3229 704 3288 ad
732 3227 802 3290 finis
831 3227 937 3289 mortis
966 3223 1184 3306 properauerit,

104 3328 147 3389 ita
169 3337 200 3391 ut
221 3350 278 3391 nec
299 3331 441 3412 thingare
462 3330 622 3392 bominem
645 3349 734 3392 suum
755 3337 892 3409 possent,
921 3342 1023 3408 neque
1044 3327 1077 3387 in
1099 3344 1184 3387 manu

105 3431 276 3495 sacerdotis
290 3433 440 3494 traderint
454 3433 535 3494 circa
550 3432 660 3494 altario
674 3431 805 3492 liberum
820 3431 1044 3502 dimittendum,
1065 3435 1185 3508 propter

105 3533 266 3595 subitanea
281 3542 389 3610 morte,
412 3541 442 3597 et
455 3533 627 3609 instituerit,
649 3541 683 3594 ut
696 3538 768 3613 post
782 3533 847 3594 eius
863 3532 979 3593 obitum
995 3551 1053 3611 per
1068 3547 1186 3592 manum

106 3636 299 3713 sacerdotes,
331 3636 453 3717 qualem
476 3635 696 3717 designauerit,
726 3621 807 3695 circa
834 3653 923 3695 sacro
947 3632 1058 3694 altario
1082 3629 1187 3693 deduci

106 3735 267 3798 debeatur:
298 3758 392 3801 causa
414 3737 620 3816 miserationis
649 3735 857 3807 decreuimus,
886 3743 919 3797 ut
945 3735 1022 3797 sicut
1049 3734 1187 3795 dominus

106 3856 213 3898 eorum
235 3841 414 3922 preceperit,
436 3841 478 3902 ita
497 3840 658 3921 inpleatur,
681 3845 712 3899 et
726 3837 914 3909 sacerdotes,
938 3856 1030 3917 quem
1046 3835 1188 3917 designa-

106 3939 192 4011 uerit,
214 3960 285 4001 eum
309 3945 427 4023 absque
449 3942 666 4022 cuiuscumque
688 3938 959 4002 contradictionem
982 3938 1138 4011 absoluat,
1164 3941 1190 3996 et

104 4041 182 4100 liber
202 4051 401 4120 permancat3
425 4044 496 4127 quia
519 4043 653 4104 maxima
675 4061 793 4104 merces
815 4041 905 4104 nobis
920 4060 991 4103 esse
1011 4039 1143 4112 uidetur,
1162 4043 1191 4098 ut

106 4227 127 4296 ¹)
148 4228 246 4297 Liutpr.
268 4228 293 4280 9.
