2574 4710
90 71 97 86 ⁶
178 118 415 184 uvrrmum
435 88 561 183 riuus
581 120 677 183 lum
699 125 767 189 xv.
790 123 873 190 car.
895 127 1029 192 93-95.
1096 128 1152 193 121

10 299 15 344 ¹
72 313 143 376 quas
162 303 193 365 in
207 303 284 385 ipsa
306 324 380 368 casu
407 305 477 387 ipse
498 305 658 369 humicida
679 308 799 373 habuit
849 307 943 381 Quod
966 309 992 372 si
1014 329 1072 387 nec
1092 310 1155 372 hoc

72 401 193 467 uoluerit
220 406 325 469 lacere
352 407 422 488 ipse
448 407 534 471 cuius
556 415 641 470 terra
663 417 726 482 est,
760 410 836 471 dare
861 410 976 472 deueat
1001 411 1154 474 liuellario

74 507 185 569 nomine
205 508 276 589 ipsa
297 516 381 571 terra
404 507 441 582 ei,
464 509 512 572 cui
532 510 734 572 humicidium
755 511 872 573 iactum
894 520 957 585 est,
990 521 1024 575 ut
1044 514 1157 576 reddat

75 602 238 686 cierinde,
271 611 355 674 sicut=
368 611 422 673 ille
443 613 611 688 reddebat,
643 613 695 693 qui
722 612 825 692 ipsum
851 613 1051 677 humicidium
1074 616 1154 678 fecit

30 710 33 715 ’
75 701 177 773 Tamen
199 712 239 773 de
253 713 303 776 his
317 715 424 775 trehus
441 714 580 794 capitulis
595 713 629 774 in
642 715 725 777 illius
745 714 784 778 sit
797 722 984 796 potestatem
1006 716 1155 798 elegendi,

73 812 147 877 cuius
165 820 251 876 terra
273 822 384 890 estut
406 816 500 878 faciat
520 816 631 877 exinde
653 835 748 878 unam
771 818 895 897 qualem
918 816 1059 879 uoluerit.

145 918 194 982 93.
217 918 258 983 X.
310 917 342 978 Si
373 918 442 998 quis
474 917 635 980 mulierem
669 925 722 980 aut
753 919 891 998 puellam
924 926 977 981 aut
1008 920 1154 1000 religiosa

67 1010 183 1092 lomina,
206 1018 341 1098 quaein
364 1020 490 1082 alterius
512 1019 673 1081 mundium
696 1028 752 1094 est,
773 1020 806 1081 in
821 1030 1017 1083 sacramento
1034 1021 1155 1086 mittere

64 1119 298 1199 presumpserit,
332 1129 489 1200 conponat
518 1123 557 1182 ad
586 1121 755 1183 mundoald
783 1123 848 1184 eius
877 1122 994 1185 solidos
1023 1120 1169 1186 numero

65 1219 293 1302 quinquaginta,
315 1231 347 1284 et
366 1224 398 1283 in
420 1223 536 1303 palatio
560 1223 618 1288 sol.
639 1242 771 1284 numero
794 1227 844 1290 50.

142 1324 195 1388 94.
218 1323 273 1384 xl.
323 1324 355 1384 Si
384 1325 451 1404 quis
483 1325 584 1386 fream
617 1325 752 1387 alienam
785 1326 852 1388 sine
886 1327 1079 1388 uolontatem
1116 1327 1156 1386 de

61 1424 231 1486 mundoald
252 1425 318 1488 eius
341 1445 470 1487 mouere
491 1427 531 1487 de
553 1445 636 1500 casa,
663 1427 716 1489 ubi
737 1427 898 1501 inhabitat,
920 1427 1155 1509 presumpserit,

60 1533 89 1587 et
110 1526 186 1588 alibi
208 1527 345 1602 duxerit,
368 1535 526 1608 conponat
546 1529 597 1590 ille
620 1530 672 1609 qui
692 1529 724 1590 in
747 1540 839 1610 caput
861 1539 922 1603 est,
952 1550 1010 1610 pro
1032 1529 1155 1590 inlecita

57 1629 295 1709 presumptione
318 1630 359 1690 ad
380 1630 551 1691 mundoald
574 1630 640 1693 eius
657 1632 775 1693 solidos
798 1650 929 1692 numero
953 1638 1089 1696 octonta.
1117 1631 1157 1692 Et

57 1729 84 1792 si
104 1729 198 1791 liberi
219 1731 362 1793 homenis
393 1749 462 1790 cum
484 1731 554 1810 ipso
576 1732 712 1805 fuerent,
742 1739 900 1812 conponat
927 1733 1077 1812 unusquis
1099 1752 1155 1811 per

57 1838 154 1913 caput
181 1831 300 1895 solidos
329 1835 384 1908 20;
418 1832 501 1894 serui
530 1840 635 1894 autem
659 1834 690 1893 in
721 1832 935 1913 conpositione
964 1833 1080 1895 domini
1108 1833 1156 1894 sui

57 1923 278 2014 conpoteutur.
304 1935 383 1995 Nam
406 1935 432 1995 si
452 1934 533 1995 sorte
554 1933 605 1994 ille
626 1934 723 1995 homo
746 1935 833 2007 liber,
857 1936 909 2014 qui
933 1937 1034 2014 ipsam
1055 1935 1156 1996 fream

60 2036 100 2096 de
119 2052 196 2098 casa
217 2036 270 2097 ubi
292 2041 340 2098 cst
360 2036 472 2109 tolerit,
496 2042 526 2097 et
547 2034 605 2096 sibi
624 2055 755 2096 uxorem
770 2037 900 2108 duxerit,
923 2036 967 2098 sic
989 2044 1155 2116 conponat,

64 2135 141 2199 sicut
175 2137 315 2217 gloriose
356 2138 506 2198 memorie
549 2137 670 2199 rothari
704 2155 761 2197 rex
795 2137 826 2197 in
866 2139 1023 2199 anteriore
1056 2138 1155 2200 edicto

61 2235 161 2321 [mro.
185 2239 256 2304 186.
281 2238 351 2323 187]
374 2239 513 2301 instituit.

143 2342 195 2405 95.
217 2340 287 2405 Xll.
330 2340 363 2400 Si
384 2341 587 2421 quiscumque
608 2340 687 2402 liber
707 2340 804 2401 homo
828 2339 970 2401 ancillam
993 2360 1082 2403 suam
1097 2361 1155 2421 pro

59 2440 218 2522 religionis
241 2442 461 2529 etUmunditiae
491 2461 585 2504 causa
610 2449 731 2503 uestem
752 2441 929 2521 religiosam
950 2443 1100 2517 induerit,
1124 2450 1157 2505 ut

61 2543 102 2617 ei,
133 2542 215 2606 sicut
236 2543 418 2606 consuitudo
446 2551 549 2604 terrae
570 2543 658 2605 istius
682 2550 745 2616 est,
770 2542 966 2606 inferendam
989 2553 1042 2608 aut
1062 2545 1157 2607 obla-

10 2676 12 2717 ;
62 2645 179 2706 tionem
200 2665 257 2727 per
283 2645 357 2726 loga
385 2654 565 2707 sanctorum
587 2647 701 2706 deueat
729 2645 911 2725 deportare,
934 2655 965 2707 et
987 2647 1158 2728 contegerit

64 2765 100 2807 ex
113 2749 262 2827 peccatis,
284 2753 318 2808 ut
333 2747 487 2827 quispiam
502 2747 599 2808 homo
615 2766 685 2808 eam
700 2765 830 2808 oxorem
842 2748 947 2809 ducat:
971 2749 1157 2829 ubicumque

63 2847 179 2911 inuenti
199 2848 336 2922 luerent,
364 2855 563 2928 separentur,
587 2854 618 2908 et
638 2855 797 2927 conponat
816 2849 897 2928 ipsc,
921 2847 974 2928 qui
996 2867 1066 2909 eam
1088 2847 1158 2908 tolit

66 2968 205 3023 uxorem,
228 2949 355 3011 domino
379 2950 444 3012 eius
467 2949 585 3011 solidos
607 2951 657 3022 40,
680 2958 711 3011 et
731 2948 784 3011 illa
799 2956 973 3010 reuertatur
994 2949 1025 3008 in
1047 2948 1156 3028 pristi-

66 3071 135 3113 num
157 3051 309 3114 habitum.
360 3050 452 3124 Quod
474 3050 502 3112 si
523 3049 634 3130 aliquis
657 3069 742 3124 eam,
765 3051 850 3131 quod
873 3051 970 3122 absit,
994 3050 1156 3111 adultera—

66 3154 151 3233 uerit,
175 3152 267 3216 simili
288 3153 384 3214 modo
408 3162 564 3233 conponat
586 3151 713 3212 domino
737 3151 802 3214 eius
819 3151 937 3214 solidos
953 3170 1083 3211 numero
1106 3153 1156 3218 40.

67 3252 143 3326 Quia
157 3254 276 3318 edictus
296 3254 433 3317 anterior
456 3254 556 3338 [aaut.
575 3251 644 3338 194]
668 3254 707 3313 de
728 3253 842 3334 gentile
857 3252 968 3314 ancilla
983 3252 1157 3314 adulterata

67 3355 168 3437 uiginti
189 3355 308 3418 solidos
331 3356 475 3429 contenit,
497 3362 531 3416 ut
552 3363 755 3435 conponatur,
779 3355 818 3414 de
833 3354 883 3415 dei
905 3355 1031 3434 quidem
1046 3354 1157 3416 ancilla

67 3454 175 3520 iustum
198 3465 255 3533 est,
276 3465 310 3519 ut
332 3457 506 3539 conpositio
530 3455 711 3523 dublicetur.
748 3459 968 3518 Verumtamen
984 3457 1029 3518 sic
1043 3455 1157 3518 statui-

69 3576 145 3635 mus,
175 3566 210 3623 ut
230 3560 256 3623 si
277 3568 412 3640 prouata
434 3579 529 3622 causa
550 3559 643 3620 luerit
671 3578 728 3639 per·
749 3564 965 3639 presueterum
988 3564 1041 3617 aut
1063 3556 1156 3618 alium

69 3664 273 3736 sacerdotem,
297 3663 456 3743 quomodo
484 3662 553 3742 ipsa
582 3667 702 3723 uestem
732 3659 878 3740 religiosa
906 3659 1014 3719 induta
1041 3665 1101 3732 cst,
1124 3665 1158 3718 ut

68 3779 125 3823 uon
146 3763 204 3825 liat
224 3763 315 3825 alicui
336 3764 454 3825 homiui
477 3762 628 3824 calomnia
650 3782 709 3842 pro
730 3761 890 3843 figmento,
914 3761 969 3823 sed
991 3778 1049 3839 pro
1073 3766 1157 3820 certa

69 3864 207 3942 ueritate3
236 3873 268 3927 et
289 3867 363 3926 dum
385 3866 529 3947 prouatio
551 3883 627 3926 uera
648 3864 731 3926 lacta
752 3863 852 3936 luerit,
876 3863 919 3925 sic
940 3862 1010 3942 ipsa
1032 3879 1157 3950 conpo-

69 3963 134 4028 sitio
153 3966 223 4028 fieri
245 3968 367 4034 deueat.
