2574 4710
106 352 166 416 176
374 347 539 422 EDICTVS
560 346 925 416 LANGOBARDORVM.

209 534 376 611 INCIPIT
404 536 503 611 CAP.
529 528 644 608 bom.
669 535 901 611 ADELCHIS
927 537 1079 611 PRINC.

125 710 153 773 1.
186 707 217 768 Si
239 727 347 770 seruus
369 706 466 767 libera
487 725 617 766 uxorem
640 707 751 773 tulerit.

123 813 156 874 2,
185 809 232 895 De
252 809 378 870 homine
399 820 551 888 pagano1.

122 914 152 978 3.
185 911 218 973 Si
239 911 348 972 mulier
370 910 570 991 morgicapud
592 912 708 980 factum
729 932 792 973 non
813 911 970 984 babuerit,
999 917 1054 971 aut
1074 910 1180 972 factum

183 1013 361 1093 perdiderit.

121 1117 151 1182 4.
184 1116 216 1176 Si
239 1112 306 1196 quis
328 1123 439 1176 testem
460 1113 507 1176 si²
531 1115 660 1195 quisque
682 1116 822 1177 manibus
845 1115 909 1177 suis
931 1113 1155 1194 subscripserit

122 1221 151 1282 5.
184 1218 215 1279 Si
236 1217 304 1298 quis
326 1236 392 1277 rem
414 1235 503 1278 suam
525 1217 708 1297 obligauerit
729 1225 760 1279 et
782 1237 851 1279 eam
871 1224 982 1298 postea
1004 1216 1178 1283 uendiderit.

120 1323 151 1386 6.
183 1320 214 1380 Si
235 1319 383 1381 iurauerit
405 1319 471 1400 quis
494 1327 525 1381 et
545 1319 758 1399 periurauerit.
985 1394 990 1409 Ι

121 1425 151 1488 7.
182 1422 229 1483 De
262 1421 427 1482 munimine
466 1421 587 1502 perdita
618 1441 675 1501 per
705 1421 808 1502 ignem
840 1428 894 1482 aut
929 1420 1179 1501 depredationem

182 1530 304 1602 postca.
403 1566 406 1573 ·

120 1622 150 1690 8‘.
181 1624 220 1686 Ut
241 1626 352 1687 brebes
373 1644 437 1685 uon
457 1624 516 1686 nisi
538 1624 640 1686 notari
664 1625 808 1691 scribant.

67 1786 69 1788 ’
183 1791 387 1871 Omnipotens
408 1791 615 1854 uniuersitatIs
639 1791 809 1871 dispositor
829 1792 996 1871 quondam,
1019 1799 1054 1853 ut
1070 1790 1098 1852 ei
1113 1793 1175 1872 pla-

99 1894 172 1968 cuit,
200 1894 304 1955 italiae
329 1912 458 1974 regnum
485 1893 568 1973 genti
589 1902 715 1956 nostrae
742 1884 1007 1974 langobardorum
1037 1895 1171 1960 sudeIIt

99 1995 237 2070 Quorum
255 1996 379 2076 quidem
393 1995 516 2076 regibus
530 1995 659 2057 feliciter
678 1995 876 2076 regnantibus
896 1994 1065 2074 inspirator
1081 1999 1176 2060 bono-

98 2119 166 2160 rum
207 2098 344 2160 omnium
378 2097 411 2158 in
446 2117 554 2158 corum
595 2098 736 2179 dignatus
774 2104 821 2160 est
854 2097 1031 2177 pectoribus
1070 2116 1177 2170 serere,

99 2200 362 2280 quemadmodum
393 2198 467 2280 Iegis
501 2201 625 2262 decreta
661 2198 817 2261 communi
852 2198 981 2259 concilio
1018 2199 1177 2273 sancirent,

98 2303 208 2383 quibus
231 2302 369 2364 subditus
391 2301 525 2381 populus
547 2312 717 2383 cunctaque
738 2321 813 2383 gens
828 2300 880 2362 illa
901 2299 1042 2381 legaliter
1064 2301 1176 2374 uiuens,

97 2404 261 2485 nullusque
289 2411 388 2466 metus
417 2409 561 2465 statutae
578 2402 653 2484 legis
683 2404 834 2465 excedens
867 2403 1016 2465 aduersus
1050 2403 1177 2466 alterum

9 2553 11 2557 ι
97 2507 190 2569 nichil
211 2507 368 2569 sinistrum
395 2506 523 2568 auderet
550 2503 709 2586 perticere.
752 2506 838 2567 Idem
866 2524 943 2566 uero
969 2523 1077 2585 reges,
1106 2505 1179 2569 sicut

97 2609 203 2670 celitus
225 2609 277 2669 illa
299 2610 466 2668 decernere
487 2607 657 2680 ualuerunt,
679 2609 722 2669 ita
737 2592 905 2687 prudeirter
919 2615 1012 2687 atque
1026 2606 1180 2671 humiliter

98 2711 243 2790 scriptum
264 2709 439 2790 relinquere
460 2708 638 2781 uoluerunt,
667 2718 701 2770 ut
728 2718 892 2789 sequentes
920 2729 1009 2789 reges
1040 2727 1178 2790 quaeque

97 2811 298 2892 superfluam
321 2831 429 2872 eorum
451 2809 556 2872 edictis
577 2810 685 2872 forsan
707 2806 889 2890 aspicerent,
911 2811 1032 2890 pumIce
1052 2812 1178 2893 frange-

96 2921 181 2989 reut;
209 2922 239 2974 et
267 2933 408 2994 quaeque
437 2911 535 2974 minus
559 2930 652 2992 quam
673 2913 845 2992 oportuerit
871 2913 987 2985 forent,
1016 2931 1076 2993 pro
1098 2920 1178 2974 tem-

95 3035 208 3095 porum
238 3015 383 3095 qualitate
413 3013 535 3076 adicere
562 3033 625 3074 non
656 3014 842 3095 refugerent.
896 3013 987 3087 Quod
1019 3017 1064 3076 itu
1094 3024 1178 3077 cante

95 3117 211 3180 factum
233 3138 252 3179 a
274 3117 459 3198 quibusdam
481 3123 528 3178 est
555 3116 677 3197 regibus
705 3126 818 3203 postea
843 3116 1059 3197 regnantibus,
1087 3115 1179 3178 ueluti

95 3219 126 3279 in
149 3240 256 3281 eorum
279 3220 399 3282 statutis
421 3218 626 3299 cognoscitur.
660 3218 805 3281 Eiusdem
820 3238 896 3280 uero
917 3219 1061 3280 famosae
1082 3218 1178 3299 gentis

96 3330 167 3383 tunc
187 3321 286 3402 gloria
309 3330 521 3401 permanente,
551 3321 653 3382 subito
682 3321 834 3401 gallorum
861 3341 936 3401 gens
961 3320 1130 3400 primatum
1151 3329 1178 3382 et

96 3425 195 3503 capud
222 3404 307 3504 regni
334 3423 413 3485 illius
439 3421 562 3489 inuasit.
610 3423 656 3484 Eo
687 3442 811 3503 qnoque
840 3430 981 3502 tempore
1007 3422 1176 3484 desiderius

94 3526 358 3606 langobardorum
385 3531 540 3605 sceptrum
568 3527 709 3597 tenebat,
738 3524 823 3586 cuius
845 3543 939 3604 gener
961 3524 1073 3584 eodem
1095 3531 1176 3584 tem-

96 3647 174 3709 pore
202 3635 268 3689 erat
293 3628 416 3689 carolus
432 3627 619 3713 francorum
641 3645 706 3700 rex,
734 3625 786 3706 qui
807 3626 873 3687 sedi
897 3627 962 3688 eius
984 3624 1127 3687 inuidens
1150 3632 1178 3686 et

93 3729 250 3801 insidians,
273 3739 381 3791 contra
399 3730 542 3790 eumdem
557 3728 687 3790 subdole
702 3736 732 3789 et
746 3726 855 3788 callide
869 3746 963 3807 agere
977 3746 1042 3787 non
1057 3727 1177 3808 refugit.

95 3829 165 3902 Quo
189 3831 312 3911 quidem
335 3839 424 3911 capto
447 3840 539 3911 atque
559 3831 591 3891 in
613 3829 752 3892 custodia
773 3828 891 3910 posito,
918 3848 1047 3909 regnum
1073 3830 1176 3891 itallae

94 3937 278 4012 gentemque
311 3931 573 4012 langobardorum
606 3951 663 3994 suo
695 3931 825 4011 imperio
865 3931 1008 3998 subdidit.
1065 3932 1176 4012 Sicque

93 4033 217 4094 decreta
250 4034 453 4113 dispositione
485 4034 663 4106 conditoris,
701 4035 809 4095 eadem
845 4041 936 4113 gente
972 4035 1011 4096 ad
1049 4034 1177 4095 minima

22 4203 24 4209 ¹
95 4218 115 4288 ¹)
135 4221 238 4288 corrige
257 4220 370 4289 plagato.
445 4219 465 4289 ²)
486 4224 587 4290 corrtye
606 4220 637 4273 si.
