2574 4710
135 357 156 421 4
496 356 663 420 aomrvs
685 357 874 424 Romam.

136 543 189 607 37.
212 540 244 602 si
267 540 335 622 quis
357 540 437 602 liber
457 540 555 603 homo
577 542 609 602 in
632 543 743 603 eadem
760 542 917 606 ciuitatem
932 545 984 606 ubi
1000 565 1056 606 rex
1078 553 1126 607 est
1141 566 1238 609 sean-

222 641 327 703 dalum
349 647 429 707 corii.

136 744 189 810 38.
211 743 244 806 Si
266 743 334 825 quis
357 763 466 806 seruus
488 744 520 805 in
542 745 653 806 eadem
669 745 824 808 ciuitatem
840 748 1020 809 scandalum
1036 750 1238 815 commiserit.

136 847 188 912 39,
211 845 243 906 Si
266 845 335 925 quis
356 843 435 906 liber
456 846 554 907 homo
575 846 608 907 in
631 846 733 908 aliena
754 848 910 909 ciuitatem
939 851 1120 911 scandalum
1145 872 1238 913 com-

220 946 350 1012 miserit.

136 1049 188 1114 40.
210 1048 243 1109 Si
265 1067 374 1111 seruus
397 1047 428 1108 in
452 1048 553 1111 aliena
575 1048 730 1112 ciuitatem
751 1051 932 1113 scandalum
955 1056 1033 1114 corii.

135 1151 185 1215 44.
207 1150 253 1210 oe
275 1149 403 1211 homine
424 1149 524 1212 libero
547 1153 676 1218 batudo.

136 1252 187 1318 42.
209 1252 255 1312 De
277 1251 405 1313 homine
427 1252 526 1315 libero
548 1253 654 1334 ligato.

136 1354 188 1419 43.
210 1353 375 1416 Deseritis
399 1361 430 1415 et
450 1354 655 1434 percussoris.

136 1455 188 1521 44.
210 1455 243 1516 Si
266 1455 334 1536 quis
358 1455 451 1517 alium
474 1456 672 1536 percusserit.

136 1559 186 1621 45.
209 1556 255 1616 De
277 1556 377 1637 plagis
400 1563 431 1618 et
453 1557 705 1637 deposicionibus
728 1577 846 1623 earum.

135 1660 187 1723 46.
210 1657 242 1719 Si
265 1657 334 1738 quis
356 1657 408 1719 alii
430 1658 555 1739 plagam
576 1659 607 1721 in
631 1660 731 1740 capite
752 1661 870 1726 feeerit.

135 1760 187 1825 47.
209 1758 241 1820 Si
265 1759 333 1839 quis
356 1759 451 1821 alium
471 1760 504 1821 in
528 1761 627 1842 capite
648 1762 830 1843 plagauerit.

135 1861 187 1927 48.
208 1861 254 1921 De
277 1861 368 1922 oculo
393 1861 549 1927 euulserit.

136 1963 188 2028 49.
210 1963 256 2022 De
278 1981 357 2024 naso
381 1961 518 2024 hoceiso.

136 2066 192 2148 50.
209 2064 255 2124 De
276 2063 367 2125 labro
391 2063 507 2128 absiso.

135 2167 187 2231 51.
209 2165 255 2225 De
278 2165 370 2227 dente
391 2165 524 2244 priores.

135 2269 185 2331 52.
207 2267 254 2327 De
277 2267 386 2328 dentes
409 2268 586 2334 maxilares.

135 2370 187 2434 53.
209 2368 255 2428 De
278 2387 353 2429 aure
376 2369 493 2435 abcisa.

135 2471 186 2535 54.
209 2468 242 2530 Si
265 2469 333 2550 quis
356 2469 449 2531 alium
471 2470 503 2531 in
524 2470 603 2532 tacie
625 2471 807 2552 plagauerit.

133 2574 186 2637 55.
208 2571 254 2631 De
276 2570 368 2651 plaga
391 2572 423 2632 in
445 2591 534 2637 naso.

135 2674 187 2738 56.
208 2672 255 2731 De
276 2673 328 2751 pla
350 2672 382 2732 in
404 2691 489 2736 aure.

134 2777 187 2839 57.
208 2773 255 2833 De
277 2772 389 2835 brahia
411 2774 613 2839 transtorato.

134 2876 187 2942 58.
208 2875 240 2936 Si
264 2875 331 2954 quis
355 2873 448 2935 alium
469 2875 501 2935 in
523 2874 668 2936 brahium
690 2876 843 2955 punxerit.

135 2980 185 3043 59.
209 2977 240 3037 si
263 2975 331 3056 quis
354 2974 448 3035 alium
468 2975 550 3038 intra
572 2995 668 3057 capso
690 2977 843 3056 punxerit.

133 3081 186 3144 60.
208 3078 254 3137 De
276 3077 367 3156 placa
387 3076 418 3137 in
441 3096 533 3157 goxa.

133 3183 186 3246 61.
208 3179 255 3238 De
277 3197 408 3239 numero
429 3178 602 3259 plagarum.

134 3284 186 3347 62.
207 3281 254 3340 De
275 3279 424 3342 incisione
448 3299 584 3347 manum.

133 3385 186 3449 63.
208 3383 254 3442 De
277 3382 388 3463 digitas
411 3401 570 3449 manuum.

129 3487 187 3561 64.
208 3485 254 3544 De
276 3485 413 3547 seeundo
438 3484 542 3564 digito.

135 3590 185 3651 65.
208 3586 254 3645 oe
277 3586 373 3647 tercio
396 3584 503 3666 digito.

135 3689 186 3752 66.
208 3687 255 3746 De
278 3694 390 3765 quarto
414 3686 519 3766 digito.

136 3789 187 3852 67.
208 3787 255 3847 De
277 3787 385 3865 quinto
408 3787 514 3867 digito.

136 3889 187 3954 68.
210 3888 256 3948 De
277 3886 429 3949 incisione
449 3888 575 3967 pedum.

135 3993 186 4056 69.
208 3990 254 4050 De
275 3988 377 4069 police
398 3990 496 4070 pedis.

21 4100 25 4107 '
135 4094 186 4157 70.
208 4092 255 4152 De
277 4091 413 4154 seeundo
436 4090 541 4172 digito.

137 4196 187 4259 71.
210 4194 256 4255 De
279 4193 374 4256 tercio
397 4192 503 4274 digito.
