2574 4710
92 343 154 409 102
225 337 463 409 lerratrtnl
484 339 611 404 LEGES
624 339 725 413 ,ANNI
746 339 801 407 xl.
824 339 907 403 CAP.
928 341 1064 407 36-38.

94 524 276 607 quesierint:
291 595 292 598 Ἴ
305 532 378 589 tunc
398 523 462 599 ille,
485 524 590 606 quiin
611 534 704 605 eaput
723 524 839 599 luerit,
852 523 956 586 anime
977 542 1034 587 sue
1053 524 1195 586 incurrat

93 625 273 708 pericnlum,
295 633 328 689 et
348 646 458 689 omnes
480 645 531 689 res
553 626 620 690 eins
641 627 682 689 ad
701 626 859 707 puplicum
874 626 1059 702 deneniant3
1082 624 1195 707 reliqui

94 736 215 806 entem,
244 729 388 810 quicum
415 728 485 808 ipso
511 727 625 791 luerint
650 728 682 790 in
708 729 792 792 male
818 727 1060 802 consentientes,
1092 748 1195 791 unus-

83 829 226 911 ¹quisque
253 837 410 910 conponat
436 830 469 890 in
501 830 619 911 palatie
653 830 784 913 unirgild
810 851 911 896 snum.
965 829 1004 892 Et
1031 828 1058 892 si
1088 844 1193 893 casam

95 931 314 1013 cuiuscumque
342 923 558 1007 bluttanerint‚
591 939 645 994 ant
668 952 720 996 res
747 952 857 996 eornm
877 931 1019 1005 tulerim,
1048 932 1104 1012 qui
1125 951 1193 993 cum

94 1031 212 1113 palatio
236 1041 289 1097 ant
318 1053 389 1101 enm
415 1053 489 1116 rege
510 1042 630 1107 tenent,
658 1042 689 1096 et
709 1033 805 1096 fidem
832 1053 921 1097 suam
949 1032 1019 1097 cum
1040 1032 1191 1097 iudicein

94 1134 211 1215 palatie
234 1144 430 1210 conseruent,
453 1144 733 1216 conponatemnes
749 1136 909 1217 resipere,
932 1136 981 1198 cui
1002 1155 1058 1200 eas
1082 1136 1186 1226 tulerit,

94 1237 127 1299 in
150 1238 300 1319 actogild,
331 1244 361 1300 et
382 1234 525 1320 unirigild
548 1257 654 1312 snum,
683 1245 835 1319 utsupra
856 1238 1006 1316 diximus,
1034 1247 1188 1319 conponat

62 1332 64 1339 ’
94 1338 126 1402 in
148 1340 277 1421 palatin.
330 1340 399 1402 Hoc
420 1347 524 1403 autem
544 1339 616 1402 ideo
645 1340 835 1421 prenidimus
855 1341 888 1403 in
909 1349 1057 1420 presente
1080 1341 1190 1421 pagina

95 1440 188 1504 edicti
213 1441 363 1514 scrihere,
392 1449 426 1503 nt
454 1441 571 1505 malum
597 1441 706 1506 uitium
732 1463 796 1505 nen
826 1446 960 1515 crescat,
991 1443 1049 1505 sed
1079 1461 1190 1523 ampu-

94 1548 213 1615 temus,
239 1549 269 1606 et
289 1549 324 1604 ut
353 1561 462 1605 omncs
491 1542 523 1604 in
554 1563 632 1626 pace
659 1540 690 1607 et
717 1545 817 1627 gratia
846 1545 896 1608 dei
921 1552 952 1607 et
978 1544 1062 1627 regis
1091 1543 1190 1606 ninere

96 1644 231 1710 ualeant.

180 1765 232 1829 36.
254 1763 319 1829 Vll.
369 1763 402 1824 Si
436 1764 504 1845 quis
539 1765 659 1826 dederit
696 1766 830 1838 uuadia,
869 1772 900 1828 et
938 1785 1008 1828 eam
1047 1784 1190 1848 recepere

98 1866 277 1947 neglexerit,
300 1851 465 1946 conponat,
488 1865 567 1929 sicut
585 1865 616 1926 in
639 1867 795 1930 anteriore
818 1867 918 1929 edicto
938 1868 1061 1950 legitur.
1109 1868 1191 1931 Etsi

97 1967 170 2040 ille,
210 1968 264 2048 qui
293 1968 364 2049 ipsa
400 1966 515 2028 nundia
556 1968 728 2048 acceperit,
764 1970 895 2031 reddere
932 1969 1106 2050 neglexerit
1137 1989 1190 2051 per

98 2068 311 2143 fideiussores,
334 2077 365 2131 et
387 2075 461 2148 aput
482 2087 553 2130 eum
571 2072 764 2144 remanserit,
786 2072 831 2134 sic
845 2079 1011 2152 conponat,
1034 2073 1190 2152 quomodo

100 2179 132 2234 et
151 2169 212 2244 ille,
236 2172 289 2252 qui
309 2170 423 2233 nnadia
445 2191 502 2233 sna
524 2172 662 2252 recipere
683 2173 864 2254 neglexerit.

184 2307 337 2375 37.v111.
389 2309 419 2371 si
453 2309 521 2390 quis
556 2309 645 2372 alteri
678 2310 798 2373 homini
829 2311 943 2373 uuadia
980 2312 1126 2386 dederit,
1166 2320 1192 2372 et

102 2418 271 2495 antequam
298 2430 368 2473 eam
392 2430 450 2491 per
477 2410 696 2474 fideiussorem
717 2411 832 2486 liberit,
860 2413 1012 2475 uiolenter
1038 2415 1078 2474 de
1101 2433 1194 2476 manu

99 2512 181 2576 illins
223 2512 424 2585 abstraxerit,
469 2512 517 2574 cui
549 2531 618 2574 earn
652 2513 753 2592 dedit,
796 2523 952 2597 conponat
984 2515 1012 2576 ei
1045 2515 1093 2577 cui
1126 2515 1193 2596 ipsa

101 2615 215 2676 nuadia
251 2615 455 2688 abstraxerit,
496 2615 612 2678 solidos
641 2617 692 2681 24.
757 2614 825 2677 Hoc
856 2624 961 2679 autem
992 2617 1067 2680 ideo
1101 2616 1194 2699 adfigi

101 2715 298 2798 precipimus,
321 2735 359 2776 ne
381 2736 439 2796 pro
461 2716 515 2779 tali
538 2736 632 2779 cansa
655 2719 837 2781 scandalum
859 2717 985 2792 oriatur,
1015 2727 1069 2781 aut
1090 2720 1193 2782 anima

102 2826 220 2898 pereat.
417 2814 420 2828 ’

187 2938 237 3004 38.
259 2936 351 3001 Vllll.
395 2936 428 2999 Si
450 2938 517 3018 quis
539 2939 591 3000 alii
612 2939 882 3014 uuadia'dederit,
916 2948 946 3002 et
968 2939 1101 3002 uoluerit
1127 2959 1198 3001 eam

103 3059 161 3121 per
189 3039 399 3102 ledeiusscres
432 3061 505 3103 suos
537 3041 695 3121 recipere,
730 3049 760 3103 et
792 3041 914 3103 duxerit
946 3042 985 3104 ad
1019 3062 1111 3115 enm,
1146 3044 1200 3123 qui

104 3141 217 3204 uuudia
254 3141 385 3222 recepit,
420 3140 622 3206 fideiussores
657 3163 753 3204 unum
782 3143 843 3205 duo
871 3142 920 3204 uel
950 3154 1030 3216 tres,
1069 3152 1101 3207 et
1128 3144 1199 3225 ipse

103 3244 216 3305 dixerit
237 3243 331 3324 „quia
352 3244 457 3306 nescio
481 3246 533 3326 qni
555 3246 645 3318 sint“‚
668 3252 702 3307 ut
722 3245 871 3306 damnum
897 3245 925 3306 ei
951 3245 1055 3307 lacere
1081 3247 1198 3327 pessit:

106 3352 177 3406 tunc
205 3346 359 3408 adducere
390 3347 418 3407 ei
447 3348 561 3410 debeat
586 3334 803 3409 fideiussorem
832 3354 885 3408 aut
910 3347 949 3408 de
981 3347 1035 3410 illa
1062 3348 1199 3423 ciuitate,

106 3448 188 3508 unde
216 3447 284 3527 ipse
313 3456 373 3521 est,
407 3448 458 3530 qui
481 3449 593 3517 uuadia
621 3449 717 3522 dedit,
747 3456 801 3510 aut
822 3450 861 3511 de
881 3449 934 3512 illa
955 3450 1038 3511 unde
1059 3448 1129 3530 ipse
1151 3461 1200 3515 est

106 3549 159 3630 qui
181 3549 324 3629 suscepit.
372 3550 411 3613 Et
432 3550 458 3613 si
479 3552 612 3612 menime
633 3551 676 3613 ita
702 3551 818 3612 inuenti
845 3551 972 3628 fuerint,
999 3559 1072 3612 tune
1093 3554 1200 3617 susci-

106 3670 181 3733 pere
208 3653 321 3716 debeat
345 3652 426 3733 ipse,
460 3654 512 3734 qui
538 3653 652 3715 uuadia
679 3655 811 3733 accepit,
842 3651 1061 3717 fideiussorem
1087 3653 1201 3717 homi-

106 3772 179 3815 nem
199 3754 340 3832 liberum,
362 3775 455 3836 quem
476 3756 662 3818 conlibertus
685 3755 749 3817 eius
771 3755 926 3836 cognitum
947 3756 1053 3829 habet,
1076 3765 1107 3818 et
1128 3756 1203 3820 dicit

107 3855 152 3917 ei:
175 3857 279 3936 „qued
302 3876 359 3939 ege
382 3858 446 3920 scie
462 3859 534 3939 quia
556 3858 584 3920 ei
605 3858 731 3919 credere
751 3865 881 3937 petes“;
904 3858 1052 3920 ethome
1074 3859 1127 3921 ille
1147 3862 1202 3941 qui

107 3958 222 4020 uuadia
243 3959 336 4032 dedit,
359 3961 506 4022 damnum
527 3980 590 4022 non
611 3961 754 4040 patiatur,

193 4081 243 4145 39.
272 4079 313 4145 X.
361 4079 393 4140 Si
421 4080 488 4161 quis
519 4080 571 4142 alii
596 4080 715 4142 homini
743 4081 856 4143 nuadia
883 4080 1002 4142 dederit
1025 4100 1085 4161 pre
1116 4099 1201 4161 qua-

105 4198 239 4262 cumque
261 4201 366 4254 causa,
389 4190 419 4245 et
440 4181 658 4246 fideiussorem
680 4182 827 4262 posuerit,
849 4190 880 4245 et
900 4191 1011 4263 postea
1033 4182 1200 4269 adipsum
