<?xml version="1.0" encoding="UTF-8"?>
<!DOCTYPE html PUBLIC "-//W3C//DTD XHTML 1.0 Transitional//EN"
    "http://www.w3.org/TR/xhtml1/DTD/xhtml1-transitional.dtd">
<html xmlns="http://www.w3.org/1999/xhtml" xml:lang="en" lang="en">
 <head>
  <title>
</title>
<meta http-equiv="Content-Type" content="text/html;charset=utf-8" />
  <meta name='ocr-system' content='tesseract 3.04.00' />
  <meta name='ocr-capabilities' content='ocr_page ocr_carea ocr_par ocr_line ocrx_word'/>
</head>
<body>
  <div class='ocr_page' id='page_1' title='image "./edictusceteraeq00bluhgoog_0163.png"; bbox 0 0 2574 4710; ppageno 0'>
   <div class='ocr_carea' id='block_1_1' title="bbox 208 356 1198 439">
    <p class='ocr_par' dir='ltr' id='par_1_1' title="bbox 208 356 1198 439">
     <span class='ocr_line' id='line_1_1' title="bbox 208 356 1198 439; baseline 0.01 -22"><span class='ocrx_word' id='word_1_1' title='bbox 208 356 369 419; x_wconf 81' lang='lat' dir='ltr'><strong>NOTITIA</strong></span> <span class='ocrx_word' id='word_1_2' title='bbox 389 359 442 418; x_wconf 90' lang='lat' dir='ltr'>DE</span> <span class='ocrx_word' id='word_1_3' title='bbox 464 357 830 432; x_wconf 76' lang='lat' dir='ltr'>ACTORIBVS-REGIS,</span> <span class='ocrx_word' id='word_1_4' title='bbox 852 379 883 439; x_wconf 88' lang='lat' dir='ltr'>p.</span> <span class='ocrx_word' id='word_1_5' title='bbox 906 358 977 424; x_wconf 88' lang='lat' dir='ltr'>Chr.</span> <span class='ocrx_word' id='word_1_6' title='bbox 1001 359 1070 425; x_wconf 81' lang='lat'><strong>733.</strong></span> <span class='ocrx_word' id='word_1_7' title='bbox 1142 365 1198 427; x_wconf 85' lang='lat'>151</span> 
     </span>
    </p>
   </div>
   <div class='ocr_carea' id='block_1_2' title="bbox 78 541 1200 3466">
    <p class='ocr_par' dir='ltr' id='par_1_2' title="bbox 78 541 1200 3466">
     <span class='ocr_line' id='line_1_2' title="bbox 101 541 1199 614; baseline 0.002 -13"><span class='ocrx_word' id='word_1_8' title='bbox 101 548 192 602; x_wconf 88' lang='lat' dir='ltr'>actor</span> <span class='ocrx_word' id='word_1_9' title='bbox 213 541 408 604; x_wconf 79' lang='lat' dir='ltr'>consenserit</span> <span class='ocrx_word' id='word_1_10' title='bbox 429 550 482 603; x_wconf 88' lang='lat' dir='ltr'>aut</span> <span class='ocrx_word' id='word_1_11' title='bbox 505 542 646 603; x_wconf 88' lang='lat' dir='ltr'>conscius</span> <span class='ocrx_word' id='word_1_12' title='bbox 668 541 773 614; x_wconf 85' lang='lat' dir='ltr'>luerit,</span> <span class='ocrx_word' id='word_1_13' title='bbox 800 560 851 604; x_wconf 90' lang='lat' dir='ltr'>res</span> <span class='ocrx_word' id='word_1_14' title='bbox 873 541 939 604; x_wconf 92' lang='lat' dir='ltr'>eius</span> <span class='ocrx_word' id='word_1_15' title='bbox 955 543 1072 605; x_wconf 87' lang='lat' dir='ltr'>tollere</span> <span class='ocrx_word' id='word_1_16' title='bbox 1095 551 1125 604; x_wconf 88' lang='lat' dir='ltr'>et</span> <span class='ocrx_word' id='word_1_17' title='bbox 1148 547 1199 605; x_wconf 89' lang='lat' dir='ltr'>in-</span> 
     </span>
     <span class='ocr_line' id='line_1_3' title="bbox 98 642 1200 726; baseline 0.003 -23"><span class='ocrx_word' id='word_1_18' title='bbox 98 642 261 722; x_wconf 76' lang='lat' dir='ltr'>publicare</span> <span class='ocrx_word' id='word_1_19' title='bbox 276 643 380 709; x_wconf 79' lang='lat' dir='ltr'>taciat.</span> <span class='ocrx_word' id='word_1_20' title='bbox 422 643 504 717; x_wconf 80' lang='lat' dir='ltr'>Quia</span> <span class='ocrx_word' id='word_1_21' title='bbox 520 644 612 721; x_wconf 81' lang='lat' dir='ltr'>debet</span> <span class='ocrx_word' id='word_1_22' title='bbox 627 643 728 715; x_wconf 82' lang='lat' dir='ltr'>omnis</span> <span class='ocrx_word' id='word_1_23' title='bbox 743 643 842 704; x_wconf 91' lang='lat' dir='ltr'>homo</span> <span class='ocrx_word' id='word_1_24' title='bbox 857 643 1057 710; x_wconf 81' lang='lat' dir='ltr'>considerare</span> <span class='ocrx_word' id='word_1_25' title='bbox 1071 653 1200 726; x_wconf 87' lang='lat' dir='ltr'>propter</span> 
     </span>
     <span class='ocr_line' id='line_1_4' title="bbox 100 745 1198 825; baseline 0.004 -21"><span class='ocrx_word' id='word_1_26' title='bbox 100 745 196 804; x_wconf 92' lang='lat' dir='ltr'>deum</span> <span class='ocrx_word' id='word_1_27' title='bbox 225 752 256 805; x_wconf 89' lang='lat' dir='ltr'>et</span> <span class='ocrx_word' id='word_1_28' title='bbox 290 745 425 806; x_wconf 87' lang='lat' dir='ltr'>animam</span> <span class='ocrx_word' id='word_1_29' title='bbox 448 765 563 823; x_wconf 81' lang='lat' dir='ltr'>suam„</span> <span class='ocrx_word' id='word_1_30' title='bbox 588 745 734 825; x_wconf 90' lang='lat' dir='ltr'>quoniam</span> <span class='ocrx_word' id='word_1_31' title='bbox 757 765 816 808; x_wconf 89' lang='lat' dir='ltr'>nos</span> <span class='ocrx_word' id='word_1_32' title='bbox 838 745 924 806; x_wconf 92' lang='lat' dir='ltr'>illum</span> <span class='ocrx_word' id='word_1_33' title='bbox 945 745 1156 808; x_wconf 83' lang='lat' dir='ltr'>relaxauimns</span> <span class='ocrx_word' id='word_1_34' title='bbox 1180 766 1198 808; x_wconf 90' lang='lat' dir='ltr'>a</span> 
     </span>
     <span class='ocr_line' id='line_1_5' title="bbox 97 828 1198 927; baseline 0.003 -22"><span class='ocrx_word' id='word_1_35' title='bbox 97 846 198 907; x_wconf 91' lang='lat' dir='ltr'>liuero</span> <span class='ocrx_word' id='word_1_36' title='bbox 221 865 418 909; x_wconf 85' lang='lat' dir='ltr'>eremmanos</span> <span class='ocrx_word' id='word_1_37' title='bbox 431 858 451 922; x_wconf 87' lang='lat'>¹,</span> <span class='ocrx_word' id='word_1_38' title='bbox 470 849 558 927; x_wconf 82' lang='lat' dir='ltr'>&#39;quod</span> <span class='ocrx_word' id='word_1_39' title='bbox 586 828 677 909; x_wconf 83' lang='lat' dir='ltr'>nobis</span> <span class='ocrx_word' id='word_1_40' title='bbox 698 847 729 908; x_wconf 85' lang='lat' dir='ltr'>in</span> <span class='ocrx_word' id='word_1_41' title='bbox 752 838 854 909; x_wconf 86' lang='lat' dir='ltr'>curtes</span> <span class='ocrx_word' id='word_1_42' title='bbox 876 855 1001 910; x_wconf 85' lang='lat' dir='ltr'>nostras</span> <span class='ocrx_word' id='word_1_43' title='bbox 1028 848 1198 910; x_wconf 91' lang='lat' dir='ltr'>secundum</span> 
     </span>
     <span class='ocr_line' id='line_1_6' title="bbox 98 947 1197 1031; baseline 0.001 -23"><span class='ocrx_word' id='word_1_44' title='bbox 98 947 233 1028; x_wconf 81' lang='lat' dir='ltr'>antiquo</span> <span class='ocrx_word' id='word_1_45' title='bbox 250 948 372 1010; x_wconf 84' lang='lat' dir='ltr'>edict0²</span> <span class='ocrx_word' id='word_1_46' title='bbox 395 948 514 1030; x_wconf 81' lang='lat' dir='ltr'>legibus</span> <span class='ocrx_word' id='word_1_47' title='bbox 537 952 732 1030; x_wconf 87' lang='lat' dir='ltr'>pertinebat;</span> <span class='ocrx_word' id='word_1_48' title='bbox 752 947 900 1029; x_wconf 89' lang='lat' dir='ltr'>quoniam</span> <span class='ocrx_word' id='word_1_49' title='bbox 924 949 977 1031; x_wconf 83' lang='lat' dir='ltr'>qui</span> <span class='ocrx_word' id='word_1_50' title='bbox 992 968 1086 1010; x_wconf 88' lang='lat' dir='ltr'>unam</span> <span class='ocrx_word' id='word_1_51' title='bbox 1100 949 1197 1010; x_wconf 88' lang='lat' dir='ltr'>filiam</span> 
     </span>
     <span class='ocr_line' id='line_1_7' title="bbox 97 1039 1196 1131; baseline 0.005 -23"><span class='ocrx_word' id='word_1_52' title='bbox 97 1049 316 1129; x_wconf 81' lang='lat' dir='ltr'>relinquebat,</span> <span class='ocrx_word' id='word_1_53' title='bbox 339 1059 458 1112; x_wconf 89' lang='lat' dir='ltr'>tantum</span> <span class='ocrx_word' id='word_1_54' title='bbox 487 1039 524 1113; x_wconf 34' lang='lat' dir='ltr'>in*</span> <span class='ocrx_word' id='word_1_55' title='bbox 547 1051 671 1112; x_wconf 80' lang='lat' dir='ltr'>tertiam</span> <span class='ocrx_word' id='word_1_56' title='bbox 700 1071 774 1131; x_wconf 88' lang='lat' dir='ltr'>pars</span> <span class='ocrx_word' id='word_1_57' title='bbox 805 1051 1000 1122; x_wconf 87' lang='lat' dir='ltr'>substantiae</span> <span class='ocrx_word' id='word_1_58' title='bbox 1028 1050 1110 1130; x_wconf 87' lang='lat' dir='ltr'>patri</span> <span class='ocrx_word' id='word_1_59' title='bbox 1138 1071 1196 1113; x_wconf 91' lang='lat' dir='ltr'>suo</span> 
     </span>
     <span class='ocr_line' id='line_1_8' title="bbox 96 1132 1196 1234; baseline 0.002 -22"><span class='ocrx_word' id='word_1_60' title='bbox 96 1136 299 1224; x_wconf 80' lang='lat' dir='ltr'>succedebat,</span> <span class='ocrx_word' id='word_1_61' title='bbox 327 1160 358 1213; x_wconf 90' lang='lat' dir='ltr'>et</span> <span class='ocrx_word' id='word_1_62' title='bbox 386 1153 464 1214; x_wconf 91' lang='lat' dir='ltr'>duas</span> <span class='ocrx_word' id='word_1_63' title='bbox 490 1152 521 1211; x_wconf 91' lang='lat' dir='ltr'>in</span> <span class='ocrx_word' id='word_1_64' title='bbox 548 1151 670 1231; x_wconf 89' lang='lat' dir='ltr'>publico</span> <span class='ocrx_word' id='word_1_65' title='bbox 699 1132 914 1224; x_wconf 81' lang='lat' dir='ltr'>reuertebant,</span> <span class='ocrx_word' id='word_1_66' title='bbox 948 1150 974 1214; x_wconf 93' lang='lat' dir='ltr'>si</span> <span class='ocrx_word' id='word_1_67' title='bbox 1002 1151 1196 1234; x_wconf 90' lang='lat' dir='ltr'>propinquos</span> 
     </span>
     <span class='ocr_line' id='line_1_9' title="bbox 97 1239 1197 1332; baseline 0.003 -20"><span class='ocrx_word' id='word_1_68' title='bbox 97 1252 332 1332; x_wconf 81' lang='lat' dir='ltr'>parentes&#39;nnn</span> <span class='ocrx_word' id='word_1_69' title='bbox 354 1253 508 1328; x_wconf 85' lang='lat' dir='ltr'>babebat3</span> <span class='ocrx_word' id='word_1_70' title='bbox 536 1261 567 1313; x_wconf 90' lang='lat' dir='ltr'>ct</span> <span class='ocrx_word' id='word_1_71' title='bbox 588 1253 613 1314; x_wconf 94' lang='lat' dir='ltr'>si</span> <span class='ocrx_word' id='word_1_72' title='bbox 637 1252 715 1316; x_wconf 84' lang='lat' dir='ltr'>duas</span> <span class='ocrx_word' id='word_1_73' title='bbox 738 1252 818 1316; x_wconf 90' lang='lat' dir='ltr'>filias</span> <span class='ocrx_word' id='word_1_74' title='bbox 849 1254 987 1315; x_wconf 89' lang='lat' dir='ltr'>habebat</span> <span class='ocrx_word' id='word_1_75' title='bbox 1010 1239 1130 1332; x_wconf 84' lang='lat' dir='ltr'>aliquis</span> <span class='ocrx_word' id='word_1_76' title='bbox 1144 1262 1197 1315; x_wconf 91' lang='lat' dir='ltr'>aut</span> 
     </span>
     <span class='ocr_line' id='line_1_10' title="bbox 96 1353 1196 1434; baseline 0.003 -20"><span class='ocrx_word' id='word_1_77' title='bbox 96 1353 250 1433; x_wconf 87' lang='lat' dir='ltr'>amplius,</span> <span class='ocrx_word' id='word_1_78' title='bbox 286 1353 317 1413; x_wconf 94' lang='lat' dir='ltr'>in</span> <span class='ocrx_word' id='word_1_79' title='bbox 351 1354 668 1416; x_wconf 86' lang='lat' dir='ltr'>medietatemtanto</span> <span class='ocrx_word' id='word_1_80' title='bbox 703 1356 911 1416; x_wconf 80' lang='lat' dir='ltr'>succedebant</span> <span class='ocrx_word' id='word_1_81' title='bbox 941 1354 1023 1434; x_wconf 87' lang='lat' dir='ltr'>patri</span> <span class='ocrx_word' id='word_1_82' title='bbox 1056 1375 1131 1427; x_wconf 90' lang='lat' dir='ltr'>suo,</span> <span class='ocrx_word' id='word_1_83' title='bbox 1165 1364 1196 1417; x_wconf 91' lang='lat' dir='ltr'>et</span> 
     </span>
     <span class='ocr_line' id='line_1_11' title="bbox 96 1455 1194 1534; baseline 0.003 -19"><span class='ocrx_word' id='word_1_84' title='bbox 96 1455 237 1534; x_wconf 90' lang='lat' dir='ltr'>publicus</span> <span class='ocrx_word' id='word_1_85' title='bbox 260 1455 291 1514; x_wconf 91' lang='lat' dir='ltr'>in</span> <span class='ocrx_word' id='word_1_86' title='bbox 314 1455 527 1517; x_wconf 88' lang='lat' dir='ltr'>medietatem:</span> <span class='ocrx_word' id='word_1_87' title='bbox 550 1464 581 1518; x_wconf 93' lang='lat' dir='ltr'>et</span> <span class='ocrx_word' id='word_1_88' title='bbox 603 1475 674 1517; x_wconf 90' lang='lat' dir='ltr'>ecce</span> <span class='ocrx_word' id='word_1_89' title='bbox 695 1476 754 1519; x_wconf 93' lang='lat' dir='ltr'>nos</span> <span class='ocrx_word' id='word_1_90' title='bbox 778 1457 874 1518; x_wconf 92' lang='lat' dir='ltr'>modo</span> <span class='ocrx_word' id='word_1_91' title='bbox 896 1456 1001 1517; x_wconf 90' lang='lat' dir='ltr'>omnia</span> <span class='ocrx_word' id='word_1_92' title='bbox 1021 1456 1060 1516; x_wconf 92' lang='lat' dir='ltr'>de</span> <span class='ocrx_word' id='word_1_93' title='bbox 1081 1455 1194 1519; x_wconf 84' lang='lat' dir='ltr'>talibus</span> 
     </span>
     <span class='ocr_line' id='line_1_12' title="bbox 78 1557 1194 1637; baseline 0 -17"><span class='ocrx_word' id='word_1_94' title='bbox 78 1557 200 1620; x_wconf 77' lang='lat' dir='ltr'>¹causis</span> <span class='ocrx_word' id='word_1_95' title='bbox 228 1564 358 1637; x_wconf 84' lang='lat' dir='ltr'>propter</span> <span class='ocrx_word' id='word_1_96' title='bbox 384 1558 477 1618; x_wconf 88' lang='lat' dir='ltr'>deum</span> <span class='ocrx_word' id='word_1_97' title='bbox 499 1565 530 1620; x_wconf 82' lang='lat' dir='ltr'>et</span> <span class='ocrx_word' id='word_1_98' title='bbox 558 1559 734 1619; x_wconf 89' lang='lat' dir='ltr'>mercedem</span> <span class='ocrx_word' id='word_1_99' title='bbox 758 1559 861 1620; x_wconf 90' lang='lat' dir='ltr'>anime</span> <span class='ocrx_word' id='word_1_100' title='bbox 883 1576 952 1623; x_wconf 89' lang='lat' dir='ltr'>mee</span> <span class='ocrx_word' id='word_1_101' title='bbox 974 1557 1194 1625; x_wconf 86' lang='lat' dir='ltr'>relaxauimus.</span> 
     </span>
     <span class='ocr_line' id='line_1_13' title="bbox 96 1658 1193 1739; baseline 0.001 -21"><span class='ocrx_word' id='word_1_102' title='bbox 96 1659 229 1720; x_wconf 86' lang='lat' dir='ltr'>Proinde</span> <span class='ocrx_word' id='word_1_103' title='bbox 262 1658 427 1739; x_wconf 87' lang='lat' dir='ltr'>unicuique</span> <span class='ocrx_word' id='word_1_104' title='bbox 457 1659 549 1725; x_wconf 91' lang='lat' dir='ltr'>debet</span> <span class='ocrx_word' id='word_1_105' title='bbox 575 1659 720 1722; x_wconf 85' lang='lat' dir='ltr'>sufficere</span> <span class='ocrx_word' id='word_1_106' title='bbox 743 1680 802 1723; x_wconf 89' lang='lat' dir='ltr'>sua</span> <span class='ocrx_word' id='word_1_107' title='bbox 828 1659 1047 1732; x_wconf 85' lang='lat' dir='ltr'>substantiam,</span> <span class='ocrx_word' id='word_1_108' title='bbox 1078 1667 1109 1720; x_wconf 88' lang='lat' dir='ltr'>et</span> <span class='ocrx_word' id='word_1_109' title='bbox 1129 1680 1193 1721; x_wconf 93' lang='lat' dir='ltr'>non</span> 
     </span>
     <span class='ocr_line' id='line_1_14' title="bbox 96 1753 1193 1840; baseline 0.001 -19"><span class='ocrx_word' id='word_1_110' title='bbox 96 1761 187 1821; x_wconf 86' lang='lat' dir='ltr'>debet</span> <span class='ocrx_word' id='word_1_111' title='bbox 216 1759 415 1840; x_wconf 86' lang='lat' dir='ltr'>cupiditatem</span> <span class='ocrx_word' id='word_1_112' title='bbox 442 1761 561 1822; x_wconf 89' lang='lat' dir='ltr'>babere</span> <span class='ocrx_word' id='word_1_113' title='bbox 589 1769 697 1824; x_wconf 89' lang='lat' dir='ltr'>contra</span> <span class='ocrx_word' id='word_1_114' title='bbox 720 1753 872 1824; x_wconf 87' lang='lat' dir='ltr'>rationem</span> <span class='ocrx_word' id='word_1_115' title='bbox 896 1761 1129 1840; x_wconf 91' lang='lat' dir='ltr'>conparandum</span> <span class='ocrx_word' id='word_1_116' title='bbox 1153 1762 1193 1822; x_wconf 92' lang='lat' dir='ltr'>da</span> 
     </span>
     <span class='ocr_line' id='line_1_15' title="bbox 93 1862 1192 1944; baseline -0.001 -21"><span class='ocrx_word' id='word_1_117' title='bbox 93 1882 187 1923; x_wconf 86' lang='lat' dir='ltr'>seruo</span> <span class='ocrx_word' id='word_1_118' title='bbox 215 1872 269 1923; x_wconf 88' lang='lat' dir='ltr'>aut</span> <span class='ocrx_word' id='word_1_119' title='bbox 295 1862 333 1921; x_wconf 88' lang='lat' dir='ltr'>de</span> <span class='ocrx_word' id='word_1_120' title='bbox 363 1862 519 1924; x_wconf 90' lang='lat' dir='ltr'>aldionem</span> <span class='ocrx_word' id='word_1_121' title='bbox 546 1865 596 1924; x_wconf 89' lang='lat' dir='ltr'>uel</span> <span class='ocrx_word' id='word_1_122' title='bbox 618 1881 644 1924; x_wconf 52' lang='lat' dir='ltr'>a*</span> <span class='ocrx_word' id='word_1_123' title='bbox 663 1864 836 1944; x_wconf 87' lang='lat' dir='ltr'>pertinente</span> <span class='ocrx_word' id='word_1_124' title='bbox 866 1871 983 1924; x_wconf 87' lang='lat' dir='ltr'>nostro.</span> <span class='ocrx_word' id='word_1_125' title='bbox 1028 1863 1116 1924; x_wconf 87' lang='lat' dir='ltr'>Vnde</span> <span class='ocrx_word' id='word_1_126' title='bbox 1139 1863 1192 1942; x_wconf 94' lang='lat' dir='ltr'>qui</span> 
     </span>
     <span class='ocr_line' id='line_1_16' title="bbox 93 1962 1192 2045; baseline 0 -22"><span class='ocrx_word' id='word_1_127' title='bbox 93 1962 151 2025; x_wconf 91' lang='lat' dir='ltr'>boc</span> <span class='ocrx_word' id='word_1_128' title='bbox 174 1965 279 2025; x_wconf 83' lang='lat' dir='ltr'>facere</span> <span class='ocrx_word' id='word_1_129' title='bbox 302 1967 535 2044; x_wconf 70' lang='lat' dir='ltr'>presumpserit,</span> <span class='ocrx_word' id='word_1_130' title='bbox 558 1985 735 2045; x_wconf 89' lang='lat' dir='ltr'>conponere</span> <span class='ocrx_word' id='word_1_131' title='bbox 751 1965 847 2026; x_wconf 91' lang='lat' dir='ltr'>habet</span> <span class='ocrx_word' id='word_1_132' title='bbox 869 1965 946 2026; x_wconf 91' lang='lat' dir='ltr'>sicut</span> <span class='ocrx_word' id='word_1_133' title='bbox 963 1964 1112 2043; x_wconf 87' lang='lat' dir='ltr'>scriptum</span> <span class='ocrx_word' id='word_1_134' title='bbox 1127 1971 1192 2038; x_wconf 88' lang='lat' dir='ltr'>est;</span> 
     </span>
     <span class='ocr_line' id='line_1_17' title="bbox 92 2064 1190 2146; baseline -0.001 -20"><span class='ocrx_word' id='word_1_135' title='bbox 92 2064 219 2146; x_wconf 87' lang='lat' dir='ltr'>insuper</span> <span class='ocrx_word' id='word_1_136' title='bbox 232 2066 263 2125; x_wconf 94' lang='lat' dir='ltr'>in</span> <span class='ocrx_word' id='word_1_137' title='bbox 279 2065 405 2145; x_wconf 90' lang='lat' dir='ltr'>periurii</span> <span class='ocrx_word' id='word_1_138' title='bbox 422 2074 544 2127; x_wconf 87' lang='lat' dir='ltr'>reatum</span> <span class='ocrx_word' id='word_1_139' title='bbox 565 2067 655 2129; x_wconf 90' lang='lat' dir='ltr'>nobis</span> <span class='ocrx_word' id='word_1_140' title='bbox 679 2065 841 2146; x_wconf 89' lang='lat' dir='ltr'>conparuit</span> <span class='ocrx_word' id='word_1_141' title='bbox 862 2066 1027 2144; x_wconf 89' lang='lat' dir='ltr'>pertinere,</span> <span class='ocrx_word' id='word_1_142' title='bbox 1051 2066 1190 2144; x_wconf 91' lang='lat' dir='ltr'>eoquod</span> 
     </span>
     <span class='ocr_line' id='line_1_18' title="bbox 92 2165 1189 2246; baseline 0 -18"><span class='ocrx_word' id='word_1_143' title='bbox 92 2169 181 2230; x_wconf 92' lang='lat' dir='ltr'>nobis</span> <span class='ocrx_word' id='word_1_144' title='bbox 204 2168 338 2228; x_wconf 91' lang='lat' dir='ltr'>iuratum</span> <span class='ocrx_word' id='word_1_145' title='bbox 360 2167 456 2228; x_wconf 89' lang='lat' dir='ltr'>habet</span> <span class='ocrx_word' id='word_1_146' title='bbox 479 2168 564 2246; x_wconf 91' lang='lat' dir='ltr'>quod</span> <span class='ocrx_word' id='word_1_147' title='bbox 586 2167 677 2228; x_wconf 92' lang='lat' dir='ltr'>nobis</span> <span class='ocrx_word' id='word_1_148' title='bbox 699 2167 801 2228; x_wconf 88' lang='lat' dir='ltr'>fidelis</span> <span class='ocrx_word' id='word_1_149' title='bbox 818 2166 872 2240; x_wconf 93' lang='lat' dir='ltr'>sit;</span> <span class='ocrx_word' id='word_1_150' title='bbox 896 2174 926 2227; x_wconf 92' lang='lat' dir='ltr'>et</span> <span class='ocrx_word' id='word_1_151' title='bbox 941 2167 1040 2246; x_wconf 88' lang='lat' dir='ltr'>qualis</span> <span class='ocrx_word' id='word_1_152' title='bbox 1055 2165 1189 2228; x_wconf 89' lang='lat' dir='ltr'>fidelitas</span> 
     </span>
     <span class='ocr_line' id='line_1_19' title="bbox 94 2267 1188 2341; baseline -0.005 -10"><span class='ocrx_word' id='word_1_153' title='bbox 94 2278 146 2341; x_wconf 86' lang='lat' dir='ltr'>est,</span> <span class='ocrx_word' id='word_1_154' title='bbox 170 2271 246 2329; x_wconf 93' lang='lat' dir='ltr'>dum</span> <span class='ocrx_word' id='word_1_155' title='bbox 267 2269 318 2329; x_wconf 92' lang='lat' dir='ltr'>ille</span> <span class='ocrx_word' id='word_1_156' title='bbox 342 2288 411 2329; x_wconf 74' lang='lat' dir='ltr'>curm</span> <span class='ocrx_word' id='word_1_157' title='bbox 432 2267 539 2330; x_wconf 90' lang='lat' dir='ltr'>iudicis</span> <span class='ocrx_word' id='word_1_158' title='bbox 560 2277 614 2330; x_wconf 90' lang='lat' dir='ltr'>aut</span> <span class='ocrx_word' id='word_1_159' title='bbox 635 2276 772 2330; x_wconf 89' lang='lat' dir='ltr'>actorem</span> <span class='ocrx_word' id='word_1_160' title='bbox 788 2275 841 2329; x_wconf 92' lang='lat' dir='ltr'>aut</span> <span class='ocrx_word' id='word_1_161' title='bbox 856 2267 1011 2328; x_wconf 91' lang='lat' dir='ltr'>aldionem</span> <span class='ocrx_word' id='word_1_162' title='bbox 1029 2267 1079 2327; x_wconf 89' lang='lat' dir='ltr'>uel</span> <span class='ocrx_word' id='word_1_163' title='bbox 1095 2286 1188 2329; x_wconf 91' lang='lat' dir='ltr'>seruo</span> 
     </span>
     <span class='ocr_line' id='line_1_20' title="bbox 95 2368 1189 2440; baseline -0.004 -9"><span class='ocrx_word' id='word_1_164' title='bbox 95 2371 267 2433; x_wconf 93' lang='lat' dir='ltr'>conludium</span> <span class='ocrx_word' id='word_1_165' title='bbox 297 2370 385 2440; x_wconf 89' lang='lat' dir='ltr'>facit,</span> <span class='ocrx_word' id='word_1_166' title='bbox 418 2378 449 2431; x_wconf 90' lang='lat' dir='ltr'>et</span> <span class='ocrx_word' id='word_1_167' title='bbox 474 2390 525 2432; x_wconf 92' lang='lat' dir='ltr'>res</span> <span class='ocrx_word' id='word_1_168' title='bbox 553 2377 661 2432; x_wconf 88' lang='lat' dir='ltr'>nostra</span> <span class='ocrx_word' id='word_1_169' title='bbox 689 2378 795 2431; x_wconf 91' lang='lat' dir='ltr'>contra</span> <span class='ocrx_word' id='word_1_170' title='bbox 825 2377 967 2430; x_wconf 87' lang='lat' dir='ltr'>nostram</span> <span class='ocrx_word' id='word_1_171' title='bbox 997 2368 1189 2430; x_wconf 84' lang='lat' dir='ltr'>uoluntatem</span> 
     </span>
     <span class='ocr_line' id='line_1_21' title="bbox 91 2470 1187 2549; baseline -0.004 -16"><span class='ocrx_word' id='word_1_172' title='bbox 91 2471 229 2534; x_wconf 78' lang='lat' dir='ltr'>inuadit?</span> <span class='ocrx_word' id='word_1_173' title='bbox 258 2470 339 2543; x_wconf 85' lang='lat' dir='ltr'>Quia</span> <span class='ocrx_word' id='word_1_174' title='bbox 361 2472 422 2533; x_wconf 90' lang='lat' dir='ltr'>hoc</span> <span class='ocrx_word' id='word_1_175' title='bbox 445 2478 592 2533; x_wconf 90' lang='lat' dir='ltr'>statutum</span> <span class='ocrx_word' id='word_1_176' title='bbox 615 2471 713 2534; x_wconf 92' lang='lat' dir='ltr'>estin</span> <span class='ocrx_word' id='word_1_177' title='bbox 736 2472 901 2546; x_wconf 82' lang='lat' dir='ltr'>edictum³,</span> <span class='ocrx_word' id='word_1_178' title='bbox 923 2480 957 2532; x_wconf 91' lang='lat' dir='ltr'>nt</span> <span class='ocrx_word' id='word_1_179' title='bbox 973 2470 1024 2549; x_wconf 92' lang='lat' dir='ltr'>qui</span> <span class='ocrx_word' id='word_1_180' title='bbox 1040 2470 1079 2529; x_wconf 92' lang='lat' dir='ltr'>de</span> <span class='ocrx_word' id='word_1_181' title='bbox 1095 2471 1187 2531; x_wconf 87' lang='lat' dir='ltr'>serbo</span> 
     </span>
     <span class='ocr_line' id='line_1_22' title="bbox 89 2570 1187 2655; baseline -0.005 -20"><span class='ocrx_word' id='word_1_182' title='bbox 89 2582 142 2635; x_wconf 91' lang='lat' dir='ltr'>aut</span> <span class='ocrx_word' id='word_1_183' title='bbox 164 2573 321 2635; x_wconf 90' lang='lat' dir='ltr'>aldionem</span> <span class='ocrx_word' id='word_1_184' title='bbox 345 2575 572 2653; x_wconf 88' lang='lat' dir='ltr'>conparauerit‚</span> <span class='ocrx_word' id='word_1_185' title='bbox 600 2575 712 2654; x_wconf 89' lang='lat' dir='ltr'>perdat</span> <span class='ocrx_word' id='word_1_186' title='bbox 739 2573 889 2655; x_wconf 83' lang='lat' dir='ltr'>pretium3</span> <span class='ocrx_word' id='word_1_187' title='bbox 919 2579 949 2633; x_wconf 91' lang='lat' dir='ltr'>et</span> <span class='ocrx_word' id='word_1_188' title='bbox 972 2570 1064 2650; x_wconf 91' lang='lat' dir='ltr'>quale</span> <span class='ocrx_word' id='word_1_189' title='bbox 1086 2571 1187 2650; x_wconf 85' lang='lat' dir='ltr'>legem</span> 
     </span>
     <span class='ocr_line' id='line_1_23' title="bbox 89 2673 1187 2756; baseline -0.004 -19"><span class='ocrx_word' id='word_1_190' title='bbox 89 2697 170 2737; x_wconf 89' lang='lat' dir='ltr'>nnus</span> <span class='ocrx_word' id='word_1_191' title='bbox 193 2676 261 2755; x_wconf 90' lang='lat' dir='ltr'>quis</span> <span class='ocrx_word' id='word_1_192' title='bbox 284 2676 497 2756; x_wconf 83' lang='lat' dir='ltr'>langubardus</span> <span class='ocrx_word' id='word_1_193' title='bbox 521 2675 579 2737; x_wconf 93' lang='lat' dir='ltr'>sibi</span> <span class='ocrx_word' id='word_1_194' title='bbox 600 2677 719 2737; x_wconf 89' lang='lat' dir='ltr'>habere</span> <span class='ocrx_word' id='word_1_195' title='bbox 740 2675 816 2746; x_wconf 86' lang='lat' dir='ltr'>uult,</span> <span class='ocrx_word' id='word_1_196' title='bbox 839 2673 932 2734; x_wconf 88' lang='lat' dir='ltr'>talem</span> <span class='ocrx_word' id='word_1_197' title='bbox 955 2673 1048 2733; x_wconf 85' lang='lat' dir='ltr'>debet</span> <span class='ocrx_word' id='word_1_198' title='bbox 1069 2680 1187 2733; x_wconf 88' lang='lat' dir='ltr'>curtem</span> 
     </span>
     <span class='ocr_line' id='line_1_24' title="bbox 86 2768 1186 2858; baseline -0.003 -21"><span class='ocrx_word' id='word_1_199' title='bbox 86 2785 227 2839; x_wconf 88' lang='lat' dir='ltr'>nostram</span> <span class='ocrx_word' id='word_1_200' title='bbox 252 2795 450 2842; x_wconf 83' lang='lat' dir='ltr'>conseruare.</span> <span class='ocrx_word' id='word_1_201' title='bbox 493 2777 532 2840; x_wconf 86' lang='lat' dir='ltr'>Et</span> <span class='ocrx_word' id='word_1_202' title='bbox 559 2780 627 2858; x_wconf 86' lang='lat' dir='ltr'>quis</span> <span class='ocrx_word' id='word_1_203' title='bbox 651 2778 745 2838; x_wconf 90' lang='lat' dir='ltr'>modo</span> <span class='ocrx_word' id='word_1_204' title='bbox 775 2768 959 2856; x_wconf 80' lang='lat' dir='ltr'>conparauit</span> <span class='ocrx_word' id='word_1_205' title='bbox 987 2782 1040 2835; x_wconf 89' lang='lat' dir='ltr'>aut</span> <span class='ocrx_word' id='word_1_206' title='bbox 1067 2772 1186 2835; x_wconf 89' lang='lat' dir='ltr'>infidu-</span> 
     </span>
     <span class='ocr_line' id='line_1_25' title="bbox 86 2875 1185 2959; baseline -0.002 -20"><span class='ocrx_word' id='word_1_207' title='bbox 86 2880 189 2951; x_wconf 86' lang='lat' dir='ltr'>ciabit,</span> <span class='ocrx_word' id='word_1_208' title='bbox 212 2880 323 2959; x_wconf 86' lang='lat' dir='ltr'>perdat</span> <span class='ocrx_word' id='word_1_209' title='bbox 346 2879 476 2958; x_wconf 86' lang='lat' dir='ltr'>pretium</span> <span class='ocrx_word' id='word_1_210' title='bbox 500 2898 591 2939; x_wconf 92' lang='lat' dir='ltr'>suum</span> <span class='ocrx_word' id='word_1_211' title='bbox 613 2880 782 2940; x_wconf 90' lang='lat' dir='ltr'>secundum</span> <span class='ocrx_word' id='word_1_212' title='bbox 798 2878 888 2938; x_wconf 89' lang='lat' dir='ltr'>edicti</span> <span class='ocrx_word' id='word_1_213' title='bbox 903 2877 1019 2950; x_wconf 88' lang='lat' dir='ltr'>tinore;</span> <span class='ocrx_word' id='word_1_214' title='bbox 1042 2875 1094 2956; x_wconf 85' lang='lat' dir='ltr'>qui</span> <span class='ocrx_word' id='word_1_215' title='bbox 1111 2895 1185 2937; x_wconf 89' lang='lat' dir='ltr'>uero</span> 
     </span>
     <span class='ocr_line' id='line_1_26' title="bbox 85 2978 1186 3060; baseline -0.004 -19"><span class='ocrx_word' id='word_1_216' title='bbox 85 2981 149 3042; x_wconf 88' lang='lat' dir='ltr'>hoc</span> <span class='ocrx_word' id='word_1_217' title='bbox 176 2982 271 3041; x_wconf 90' lang='lat' dir='ltr'>modo</span> <span class='ocrx_word' id='word_1_218' title='bbox 300 2980 405 3060; x_wconf 84' lang='lat' dir='ltr'>facere</span> <span class='ocrx_word' id='word_1_219' title='bbox 433 2981 668 3059; x_wconf 86' lang='lat' dir='ltr'>presumpserit,</span> <span class='ocrx_word' id='word_1_220' title='bbox 696 2989 727 3041; x_wconf 90' lang='lat' dir='ltr'>et</span> <span class='ocrx_word' id='word_1_221' title='bbox 748 2980 880 3060; x_wconf 85' lang='lat' dir='ltr'>pretium</span> <span class='ocrx_word' id='word_1_222' title='bbox 902 2979 1022 3058; x_wconf 89' lang='lat' dir='ltr'>perdat,</span> <span class='ocrx_word' id='word_1_223' title='bbox 1051 2985 1082 3037; x_wconf 89' lang='lat' dir='ltr'>et</span> <span class='ocrx_word' id='word_1_224' title='bbox 1108 2978 1186 3038; x_wconf 88' lang='lat' dir='ltr'>sicut</span> 
     </span>
     <span class='ocr_line' id='line_1_27' title="bbox 86 3079 1184 3163; baseline 0 -20"><span class='ocrx_word' id='word_1_225' title='bbox 86 3084 139 3163; x_wconf 88' lang='lat' dir='ltr'>qni</span> <span class='ocrx_word' id='word_1_226' title='bbox 154 3101 206 3145; x_wconf 90' lang='lat' dir='ltr'>res</span> <span class='ocrx_word' id='word_1_227' title='bbox 223 3082 323 3142; x_wconf 87' lang='lat' dir='ltr'>aliena</span> <span class='ocrx_word' id='word_1_228' title='bbox 337 3080 419 3142; x_wconf 89' lang='lat' dir='ltr'>malo</span> <span class='ocrx_word' id='word_1_229' title='bbox 435 3081 545 3141; x_wconf 88' lang='lat' dir='ltr'>ordine</span> <span class='ocrx_word' id='word_1_230' title='bbox 559 3081 678 3143; x_wconf 89' lang='lat' dir='ltr'>inuadit</span> <span class='ocrx_word' id='word_1_231' title='bbox 692 3081 848 3142; x_wconf 91' lang='lat' dir='ltr'>nesciente</span> <span class='ocrx_word' id='word_1_232' title='bbox 862 3079 1000 3151; x_wconf 91' lang='lat' dir='ltr'>domino,</span> <span class='ocrx_word' id='word_1_233' title='bbox 1016 3087 1184 3158; x_wconf 89' lang='lat' dir='ltr'>conponat.</span> 
     </span>
     <span class='ocr_line' id='line_1_28' title="bbox 85 3178 1184 3262; baseline -0.006 -17"><span class='ocrx_word' id='word_1_234' title='bbox 85 3186 181 3245; x_wconf 79' lang='lat' dir='ltr'>Actor</span> <span class='ocrx_word' id='word_1_235' title='bbox 203 3202 279 3244; x_wconf 88' lang='lat' dir='ltr'>uero</span> <span class='ocrx_word' id='word_1_236' title='bbox 303 3182 445 3244; x_wconf 86' lang='lat' dir='ltr'>admittat</span> <span class='ocrx_word' id='word_1_237' title='bbox 467 3182 672 3245; x_wconf 88' lang='lat' dir='ltr'>substantiam</span> <span class='ocrx_word' id='word_1_238' title='bbox 695 3201 793 3254; x_wconf 90' lang='lat' dir='ltr'>suam,</span> <span class='ocrx_word' id='word_1_239' title='bbox 826 3181 878 3262; x_wconf 92' lang='lat' dir='ltr'>qui</span> <span class='ocrx_word' id='word_1_240' title='bbox 899 3180 961 3241; x_wconf 88' lang='lat' dir='ltr'>hoc</span> <span class='ocrx_word' id='word_1_241' title='bbox 983 3178 1184 3252; x_wconf 85' lang='lat' dir='ltr'>consenserit,</span> 
     </span>
     <span class='ocr_line' id='line_1_29' title="bbox 86 3281 1183 3366; baseline -0.008 -18"><span class='ocrx_word' id='word_1_242' title='bbox 86 3287 164 3348; x_wconf 90' lang='lat' dir='ltr'>sicut</span> <span class='ocrx_word' id='word_1_243' title='bbox 187 3285 329 3366; x_wconf 89' lang='lat' dir='ltr'>superius</span> <span class='ocrx_word' id='word_1_244' title='bbox 351 3285 470 3364; x_wconf 74' lang='lat' dir='ltr'>legitur,</span> <span class='ocrx_word' id='word_1_245' title='bbox 515 3284 592 3345; x_wconf 91' lang='lat' dir='ltr'>Nam</span> <span class='ocrx_word' id='word_1_246' title='bbox 610 3285 708 3346; x_wconf 90' lang='lat' dir='ltr'>sinos</span> <span class='ocrx_word' id='word_1_247' title='bbox 725 3284 947 3356; x_wconf 83' lang='lat' dir='ltr'>relaxauimus‚</span> <span class='ocrx_word' id='word_1_248' title='bbox 969 3281 1183 3361; x_wconf 91' lang='lat' dir='ltr'>unusquisque</span> 
     </span>
     <span class='ocr_line' id='line_1_30' title="bbox 86 3384 1044 3466; baseline -0.005 -18"><span class='ocrx_word' id='word_1_249' title='bbox 86 3388 204 3449; x_wconf 89' lang='lat' dir='ltr'>babere</span> <span class='ocrx_word' id='word_1_250' title='bbox 227 3388 348 3460; x_wconf 87' lang='lat' dir='ltr'>debeat,</span> <span class='ocrx_word' id='word_1_251' title='bbox 372 3386 421 3447; x_wconf 91' lang='lat' dir='ltr'>cui</span> <span class='ocrx_word' id='word_1_252' title='bbox 441 3393 623 3466; x_wconf 88' lang='lat' dir='ltr'>preceptum</span> <span class='ocrx_word' id='word_1_253' title='bbox 643 3386 773 3447; x_wconf 85' lang='lat' dir='ltr'>fecimus</span> <span class='ocrx_word' id='word_1_254' title='bbox 796 3393 849 3446; x_wconf 89' lang='lat' dir='ltr'>aut</span> <span class='ocrx_word' id='word_1_255' title='bbox 870 3384 1044 3446; x_wconf 82' lang='lat' dir='ltr'>fecerimus.</span> 
     </span>
    </p>
   </div>
   <div class='ocr_carea' id='block_1_3' title="bbox 86 3669 1182 3957">
    <p class='ocr_par' dir='ltr' id='par_1_3' title="bbox 86 3669 1182 3957">
     <span class='ocr_line' id='line_1_31' title="bbox 167 3669 1182 3751; baseline -0.002 -18"><span class='ocrx_word' id='word_1_256' title='bbox 167 3674 198 3739; x_wconf 82' lang='lat'>6.</span> <span class='ocrx_word' id='word_1_257' title='bbox 232 3673 271 3734; x_wconf 88' lang='lat' dir='ltr'>Et</span> <span class='ocrx_word' id='word_1_258' title='bbox 292 3673 354 3734; x_wconf 91' lang='lat' dir='ltr'>hoc</span> <span class='ocrx_word' id='word_1_259' title='bbox 369 3673 457 3740; x_wconf 54' lang='lat' dir='ltr'>,enim</span> <span class='ocrx_word' id='word_1_260' title='bbox 480 3681 662 3747; x_wconf 85' lang='lat' dir='ltr'>statuemus,</span> <span class='ocrx_word' id='word_1_261' title='bbox 685 3679 719 3739; x_wconf 90' lang='lat' dir='ltr'>ut</span> <span class='ocrx_word' id='word_1_262' title='bbox 739 3671 840 3732; x_wconf 91' lang='lat' dir='ltr'>nullus</span> <span class='ocrx_word' id='word_1_263' title='bbox 861 3669 955 3731; x_wconf 84' lang='lat' dir='ltr'>iudex</span> <span class='ocrx_word' id='word_1_264' title='bbox 976 3689 1079 3751; x_wconf 89' lang='lat' dir='ltr'>neque</span> <span class='ocrx_word' id='word_1_265' title='bbox 1094 3677 1182 3731; x_wconf 85' lang='lat' dir='ltr'>actor</span> 
     </span>
     <span class='ocr_line' id='line_1_32' title="bbox 87 3774 1180 3855; baseline -0.002 -21"><span class='ocrx_word' id='word_1_266' title='bbox 87 3782 138 3836; x_wconf 89' lang='lat' dir='ltr'>aut</span> <span class='ocrx_word' id='word_1_267' title='bbox 160 3774 213 3855; x_wconf 89' lang='lat' dir='ltr'>qni</span> <span class='ocrx_word' id='word_1_268' title='bbox 235 3793 330 3855; x_wconf 89' lang='lat' dir='ltr'>super</span> <span class='ocrx_word' id='word_1_269' title='bbox 350 3774 469 3837; x_wconf 84' lang='lat' dir='ltr'>furonis</span> <span class='ocrx_word' id='word_1_270' title='bbox 492 3775 550 3848; x_wconf 88' lang='lat' dir='ltr'>erit</span> <span class='ocrx_word' id='word_1_271' title='bbox 570 3781 753 3845; x_wconf 88' lang='lat' dir='ltr'>nuscuntur,</span> <span class='ocrx_word' id='word_1_272' title='bbox 784 3791 847 3832; x_wconf 91' lang='lat' dir='ltr'>non</span> <span class='ocrx_word' id='word_1_273' title='bbox 873 3781 1034 3850; x_wconf 89' lang='lat' dir='ltr'>presumat</span> <span class='ocrx_word' id='word_1_274' title='bbox 1055 3792 1180 3834; x_wconf 91' lang='lat' dir='ltr'>seruum</span> 
     </span>
     <span class='ocr_line' id='line_1_33' title="bbox 86 3872 1180 3957; baseline -0.003 -19"><span class='ocrx_word' id='word_1_275' title='bbox 86 3886 139 3938; x_wconf 87' lang='lat' dir='ltr'>aut</span> <span class='ocrx_word' id='word_1_276' title='bbox 175 3876 338 3938; x_wconf 90' lang='lat' dir='ltr'>aldionem·</span> <span class='ocrx_word' id='word_1_277' title='bbox 369 3875 493 3937; x_wconf 90' lang='lat' dir='ltr'>alterius</span> <span class='ocrx_word' id='word_1_278' title='bbox 534 3874 781 3957; x_wconf 89' lang='lat' dir='ltr'>conprehindere</span> <span class='ocrx_word' id='word_1_279' title='bbox 817 3892 875 3953; x_wconf 92' lang='lat' dir='ltr'>pro</span> <span class='ocrx_word' id='word_1_280' title='bbox 911 3872 994 3933; x_wconf 83' lang='lat' dir='ltr'>furto</span> <span class='ocrx_word' id='word_1_281' title='bbox 1030 3881 1084 3938; x_wconf 90' lang='lat' dir='ltr'>aut</span> <span class='ocrx_word' id='word_1_282' title='bbox 1120 3872 1180 3935; x_wconf 89' lang='lat' dir='ltr'>alia</span> 
     </span>
    </p>
   </div>
   <div class='ocr_carea' id='block_1_4' title="bbox 84 3979 426 4058">
    <p class='ocr_par' dir='ltr' id='par_1_4' title="bbox 84 3979 426 4058">
     <span class='ocr_line' id='line_1_34' title="bbox 84 3979 426 4058; baseline 0.009 -20"><span class='ocrx_word' id='word_1_283' title='bbox 84 3979 174 4058; x_wconf 89' lang='lat' dir='ltr'>culpa</span> <span class='ocrx_word' id='word_1_284' title='bbox 198 4026 332 4045; x_wconf 89' lang='grc'><strong>.....</strong></span> <span class='ocrx_word' id='word_1_285' title='bbox 339 4027 363 4041; x_wconf 94' lang='grc'>..</span> <span class='ocrx_word' id='word_1_286' title='bbox 387 4025 394 4041; x_wconf 93' lang='grc'><strong>.</strong></span> <span class='ocrx_word' id='word_1_287' title='bbox 419 4025 426 4041; x_wconf 95' lang='grc'><strong><em>.</em></strong></span> 
     </span>
    </p>
   </div>
   <div class='ocr_carea' id='block_1_5' title="bbox 84 4093 1179 4289">
    <p class='ocr_par' dir='ltr' id='par_1_5' title="bbox 84 4093 1179 4289">
     <span class='ocr_line' id='line_1_35' title="bbox 85 4093 1179 4199; baseline -0.01 -9"><span class='ocrx_word' id='word_1_288' title='bbox 85 4126 103 4190; x_wconf 85' lang='lat' dir='ltr'>¹l</span> <span class='ocrx_word' id='word_1_289' title='bbox 123 4127 147 4180; x_wconf 72' lang='lat' dir='ltr'>d·</span> <span class='ocrx_word' id='word_1_290' title='bbox 168 4143 191 4179; x_wconf 77' lang='lat' dir='ltr'>e·</span> <span class='ocrx_word' id='word_1_291' title='bbox 211 4128 282 4182; x_wconf 80' lang='lat' dir='ltr'>illam</span> <span class='ocrx_word' id='word_1_292' title='bbox 299 4131 401 4194; x_wconf 84' lang='lat' dir='ltr'>purtem</span> <span class='ocrx_word' id='word_1_293' title='bbox 421 4126 574 4182; x_wconf 72' lang='lat' dir='ltr'>hereditatis</span> <span class='ocrx_word' id='word_1_294' title='bbox 591 4143 658 4199; x_wconf 82' lang='lat' dir='ltr'>quae</span> <span class='ocrx_word' id='word_1_295' title='bbox 669 4126 774 4196; x_wconf 73' lang='lat' dir='ltr'>filiales</span> <span class='ocrx_word' id='word_1_296' title='bbox 789 4131 985 4182; x_wconf 82' lang='lat' dir='ltr'>arimannorum</span> <span class='ocrx_word' id='word_1_297' title='bbox 999 4093 1179 4193; x_wconf 68' lang='lat' dir='ltr'>orrscretutur.</span> 
     </span>
     <span class='ocr_line' id='line_1_36' title="bbox 84 4205 969 4289; baseline -0.018 -15"><span class='ocrx_word' id='word_1_298' title='bbox 84 4205 112 4287; x_wconf 58' lang='grc' dir='ltr'>η’</span> <span class='ocrx_word' id='word_1_299' title='bbox 126 4219 201 4273; x_wconf 75' lang='lat' dir='ltr'>noes.</span> <span class='ocrx_word' id='word_1_300' title='bbox 224 4216 410 4272; x_wconf 53' lang='lat' dir='ltr'>malco.</span> <span class='ocrx_word' id='word_1_301' title='bbox 433 4215 495 4281; x_wconf 80' lang='lat' dir='ltr'>ln.</span> <span class='ocrx_word' id='word_1_302' title='bbox 513 4217 578 4273; x_wconf 76' lang='lat' dir='ltr'>ms,</span> <span class='ocrx_word' id='word_1_303' title='bbox 652 4219 673 4289; x_wconf 65' lang='lat'>³)</span> <span class='ocrx_word' id='word_1_304' title='bbox 692 4220 765 4273; x_wconf 58' lang='lat' dir='ltr'>noes,</span> <span class='ocrx_word' id='word_1_305' title='bbox 785 4215 969 4272; x_wconf 47' lang='lat' dir='ltr'>mamm,</span> 
     </span>
    </p>
   </div>
   <div class='ocr_carea' id='block_1_6' title="bbox 0 0 1292 4710">
    <p class='ocr_par' dir='ltr' id='par_1_6' title="bbox 0 0 1292 4710">
     <span class='ocr_line' id='line_1_37' title="bbox 0 0 1292 4710; baseline 0 6"><span class='ocrx_word' id='word_1_306' title='bbox 0 0 1292 4710; x_wconf 95' lang='lat' dir='ltr'> </span> 
     </span>
    </p>
   </div>
  </div>
 </body>
</html>
