2574 4710
239 342 450 408 ntvrennnt
471 338 596 408 nuens
618 345 713 406 tunt
734 348 803 410 xv.
827 348 909 414 etr.
931 341 1078 418 ee-ee.'
1144 354 1204 420 tte

104 530 341 609 unnsquisque
361 529 518 592 sculdahis
559 537 590 592 et
624 530 767 593 saltarius
800 540 894 613 atque
927 526 1081 615 daganus
1098 535 1204 597 iurare

102 630 222 691 debeat
240 630 333 690 iudici
355 652 414 694 suo
437 633 476 694 ad
492 640 600 694 sancta
615 633 664 693 dei
679 634 850 714 euangelia,
874 636 958 715 quod
978 635 1011 695 in
1032 637 1092 698 ista
1108 652 1202 700 causa

105 731 223 792 nullum
245 732 408 794 neclictum
423 744 556 814 ponant;
580 736 652 815 quia
673 736 785 798 iustum
809 746 867 808 est,
889 745 922 798 ut
945 737 1018 796 dum
1040 737 1071 799 in
1092 749 1202 801 nostra

103 852 201 895 causa
223 834 384 896 neclictum
406 856 524 915 ponere
546 858 610 898 non
625 847 802 916 presument
826 856 883 897 nec
905 838 995 900 nobis
1019 839 1129 913 celare,
1149 841 1202 920 qni

106 946 215 996 contra
237 955 295 997 nos
318 947 410 1018 agent
432 949 485 1000 ant
508 939 685 1000 consiliant:
709 950 858 1019 quantum
881 939 979 1019 magis
1001 959 1065 1001 non
1088 942 1202 1003 debent

104 1036 269 1098 neclictum
282 1038 315 1098 in
331 1039 381 1098 dei
396 1057 491 1101 causa
505 1059 634 1119 ponere,
657 1060 738 1121 qnae
753 1040 822 1119 plus
838 1049 895 1114 est,
917 1041 957 1101 ad
972 1039 1199 1121 inquirendum.

130 1146 133 1151 “
187 1141 241 1205 86.
263 1139 312 1202 lll.
368 1141 400 1202 Si
428 1141 496 1221 quis
526 1142 679 1203 cauallum
707 1140 843 1202 alienum
870 1142 900 1202 in
931 1143 1079 1203 damnum
1109 1163 1200 1204 suum

103 1241 266 1314 inuenerit,
289 1251 319 1304 et
339 1242 426 1304 iuxta
448 1243 603 1305 anteriore
626 1243 759 1305 edictum
782 1244 882 1328 [nott.
898 1243 969 1327 343]
994 1245 1033 1304 ad
1056 1244 1200 1306 clausura

105 1342 283 1414 minauerit,
314 1353 345 1405 et
370 1343 455 1405 illam
483 1346 638 1406 rationem
667 1346 773 1406 fecerit
797 1364 890 1425 qnam
918 1345 1037 1407 edictus
1060 1345 1199 1412 anterior

102 1445 216 1517 cernit,
239 1444 283 1506 sic
305 1444 416 1507 exinde
437 1448 587 1526 procedat
607 1447 766 1520 iudicium,
794 1446 870 1507 sicut
893 1446 1049 1526 gloriosae
1071 1466 1198 1508 memo—

103 1547 168 1608 riae
196 1546 318 1607 rothari
340 1566 396 1608 rex
417 1547 556 1611 instituit.
608 1548 686 1609 Nam
709 1549 735 1610 si
762 1549 894 1629 amplius
922 1547 1037 1629 aliquid
1065 1549 1098 1610 in
1127 1551 1197 1629 ipso

99 1648 225 1710 cauallo
247 1649 350 1708 iacere
372 1649 612 1729 presumpserit,
636 1669 729 1729 quam
752 1651 870 1712 edictus
893 1649 1031 1712 anterior
1052 1652 1196 1724 contenit,

97 1750 128 1812 si
149 1750 219 1830 ipse
242 1749 379 1812 cauallus
402 1749 479 1811 nihil
505 1751 579 1812 mali
601 1770 713 1831 passus
736 1752 841 1824 fuerit,
871 1760 1027 1830 conponat
1048 1772 1107 1832 pro
1128 1753 1197 1832 ipsa

98 1850 227 1912 inlecita
242 1851 484 1931 presumptione,
506 1852 591 1912 iuxta
607 1854 706 1932 qualis
720 1855 788 1934 ipse
803 1853 939 1914 cauallus
953 1851 1053 1924 fuerit,
1075 1854 1197 1914 medie-

101 1961 200 2014 tatem
221 1952 332 2031 praetii
359 1961 507 2032 quantum
531 1956 598 2033 ipse
620 1955 757 2016 conallus
787 1955 980 2035 adpretiatus
1002 1953 1107 2026 luerit,
1137 1973 1195 2034 pro

96 2053 169 2134 ipsa
184 2053 307 2114 inlecita
322 2056 565 2134 presumptione,
588 2065 619 2117 et
641 2059 744 2135 ipsum
759 2056 912 2118 canalium
928 2073 1038 2117 sanum
1053 2054 1196 2116 restituat

98 2154 263 2216 (lominum
290 2155 364 2218 eius.
423 2157 502 2216 Nam
532 2157 557 2217 si
587 2156 654 2235 ipse
686 2157 823 2219 cauallns
859 2166 999 2217 mortuus
1030 2163 1084 2215 ant
1110 2156 1194 2218 lesus

96 2256 208 2329 inerit,
244 2257 288 2318 sic
309 2268 480 2337 conponat,
514 2258 592 2319 sicut
611 2257 643 2316 in
666 2259 822 2318 anteriore
848 2257 980 2319 edictum
1006 2256 1132 2336 legitur,
1166 2266 1197 2317 et

101 2356 227 2438 insuper
249 2378 307 2438 pro
329 2357 398 2437 ipsa
419 2358 542 2419 inlecita
564 2359 797 2437 presumptione
820 2367 978 2438 conponat
1000 2369 1032 2419 ut
1054 2377 1159 2438 supra.

184 2461 237 2525 87.
259 2458 322 2524 llll.
366 2458 398 2520 Si
421 2458 488 2538 quis
512 2478 582 2520 cum
597 2479 689 2521 seruo
706 2467 758 2520 aut
772 2460 918 2521 haldione
933 2461 984 2520 uel
1002 2479 1071 2520 cum
1086 2469 1196 2539 perte-

96 2567 225 2622 nentem
252 2561 353 2622 alieno
386 2561 424 2620 dc
452 2560 685 2642 qualiscumque
715 2571 749 2622 r'e
778 2561 958 2624 conuenerit
983 2562 1050 2623 sine
1078 2561 1195 2623 noditia

95 2661 218 2723 domini
240 2665 324 2734 eius,
348 2662 481 2742 quaein
504 2665 659 2724 anteriore
682 2664 782 2725 edicto
807 2664 907 2748 [eote.
930 2662 1108 2747 233-235]
1131 2683 1195 2724 non

96 2771 296 2836 contenetur,
329 2770 360 2825 et
385 2773 551 2843 pronatum
581 2765 690 2838 fucrit,
721 2767 804 2847 quod
827 2784 877 2827 res
900 2764 1015 2826 domini
1043 2765 1090 2826 sni
1112 2777 1196 2826 nau-

93 2866 260 2946 fragassit,
288 2874 359 2927 tunc
380 2866 491 2927 reddat
511 2866 613 2946 ipsam
635 2887 715 2940 rem,
746 2869 798 2947 qui
821 2887 891 2928 eam
914 2866 1049 2945 suscepit
1076 2869 1195 2947 absque

95 2967 237 3047 praetio,
268 2967 395 3027 domino
423 2968 506 3040 eius,
542 2969 586 3028 ita
615 2977 649 3030 ut
677 2969 846 3031 satisfaciat
870 2988 928 3049 per
954 2977 1195 3047 sagramentum,

94 3070 183 3150 quod
207 3069 339 3149 amplius
355 3068 467 3129 exinde
480 3089 543 3130 non
566 3070 686 3132 toiissit.
722 3072 835 3132 Postea
857 3069 1000 3130 dominus
1023 3070 1088 3131 eius
1103 3071 1197 3133 faciat

94 3172 137 3232 de
161 3191 255 3234 seruo
279 3177 331 3232 ant
353 3171 391 3231 de
413 3170 561 3230 haldione
583 3191 650 3245 suo,
675 3172 756 3251 quod
779 3171 822 3231 illi
842 3170 1000 3249 placuerit.

182 3275 234 3338 88.
258 3276 293 3337 V.
336 3273 383 3331 De
406 3274 505 3333 seruis
528 3271 703 3351 fugacibus,
733 3273 805 3350 quia
826 3272 889 3332 iam
911 3280 1003 3333 antea
1027 3271 1195 3351 capitulum

92 3379 191 3438 istum
222 3374 387 3436 adfiximus
412 3373 494 3458 [cup.
519 3372 586 3456 tlt,
617 3373 671 3434 sed
698 3392 761 3433 non
791 3380 838 3435 est
866 3373 1041 3453 specialiter
1070 3373 1194 3446 dictum,

90 3476 127 3536 in
153 3476 238 3556 quali
263 3478 398 3555 spatium
428 3475 572 3537 dominus
601 3475 667 3536 eius
699 3494 769 3534 eum
802 3474 983 3555 perquirere
1011 3475 1138 3547 debeat,
1162 3482 1195 3535 ut

94 3577 245 3640 iustitiam
272 3576 382 3650 iaciat,
417 3577 470 3656 qui
506 3596 577 3637 enm
607 3576 776 3656 conpellat:
811 3577 907 3637 modo
937 3595 1014 3636 uero
1044 3576 1088 3636 ita
1115 3592 1196 3655 pro-

95 3679 273 3760 speximus,
302 3686 336 3739 ut
357 3680 383 3739 si
405 3678 549 3739 fueritin
570 3681 778 3739 beneucntnm
806 3686 860 3739 aut
879 3678 911 3737 in
933 3676 1052 3757 spoliti,
1079 3677 1196 3739 habeat

91 3781 239 3860 spacium
262 3780 406 3841 dominus
435 3780 500 3841 eius
522 3781 553 3840 in
581 3780 695 3842 mensis
718 3788 792 3863 tres.
841 3778 932 3850 Quod
956 3779 982 3840 si
1003 3778 1094 3839 fuerit
1114 3779 1196 3840 intra

92 3883 206 3956 tuscia,
228 3880 345 3942 habeat
366 3881 500 3961 spatium
523 3885 554 3943 in
576 3883 691 3944 mensis
715 3883 792 3957 duo;
816 3889 846 3942 et
868 3880 1007 3942 siluerit
1028 3883 1195 3960 istaparte

92 3983 186 4064 alpe,
208 3983 325 4045 habeat
348 3984 482 4062 spatium
503 3984 746 4064 perquirendum
766 3983 797 4042 in
821 4001 928 4044 mense
949 4002 1028 4055 uno,
1052 3990 1082 4042 et
1103 3981 1197 4043 iaciat

93 4084 254 4159 iustitiam,
278 4085 330 4164 qui
353 4105 425 4145 eum
446 4086 485 4145 de
508 4103 601 4146 seruo
625 4104 682 4146 sno
706 4084 871 4164 conpellat.

180 4187 233 4252 89.
257 4185 308 4249 Vl.
354 4185 386 4245 st
409 4187 478 4265 quis
501 4185 624 4266 coniogi
647 4204 723 4246 suae
746 4175 860 4246 metam
883 4186 959 4246 dare
981 4185 1129 4258 uoluerit,
1152 4185 1195 4245 ita
