2574 4710
971 232 987 263 d·

226 331 463 396 LIVTPRANDI
483 333 608 397 LEGES
629 332 724 395 ANNI
745 333 800 394 XI.
823 333 904 401 CAP.
926 332 1061 403 40-44.
1133 339 1194 404 103

95 517 322 580 fideiussorem
352 517 557 591 antesteterit,
591 525 643 579 aut
675 519 784 600 pignus
817 519 857 580 de
887 539 980 582 manu
1011 519 1130 592 tulerit,
1163 528 1194 583 ct

96 622 269 701 probatum
288 619 390 694 fuerit,
413 628 573 700 conponat
593 620 709 683 solidos
731 620 855 702 uigenti.

184 722 236 787 40.
258 719 314 786 XI.
363 720 396 782 Si
424 721 493 802 quis
520 721 573 783 alii
606 721 724 788 homiui
756 722 870 784 uuadia
897 723 1016 786 dederit
1050 731 1081 786 et
1109 722 1194 785 lide-

95 823 256 886 iussorem
280 823 439 902 posuerit,
470 831 501 886 et
528 823 596 904 ipse
617 822 785 894 fideiussor
806 843 877 885 eum
906 824 1132 904 pignerauerit,
1164 831 1195 888 ct

95 924 230 1006 pignera
253 923 324 1005 ipsa
350 927 391 987 ad
418 925 603 988 creditorem
630 926 695 989 eius
718 925 852 997 dederit,
881 933 911 986 et
931 932 1042 1005 postea
1065 926 1093 987 ei
1114 928 1192 1007 ipsc,

95 1027 185 1090 cuius
218 1027 347 1108 pignera
378 1027 487 1103 luerit,
521 1047 577 1108 per
610 1027 754 1089 uirtutem
786 1026 902 1099 tulerit,
935 1035 1092 1107 conponat
1123 1028 1193 1108 ipsa

95 1129 229 1210 pignera
247 1128 279 1188 iu
300 1128 444 1210 actogild.

182 1232 235 1297 tt.
257 1229 326 1296 XII.
369 1230 401 1292 Si
430 1231 498 1312 quis
527 1231 620 1292 aliurn
648 1236 720 1293 ante
751 1233 950 1294 constitutum
975 1230 1191 1312 pignerauerit,

96 1341 131 1396 et
149 1335 320 1414 probatum
341 1331 442 1405 fuerit,
465 1333 549 1412 quod
572 1340 643 1395 ante
665 1318 864 1395 constitutum
886 1333 1088 1415 pignerasset,
1111 1353 1191 1395 con-

96 1443 195 1516 ponat
216 1435 320 1515 ipsum
339 1433 468 1515 pignum
488 1433 519 1494 in
534 1435 684 1516 'aotogild

181 1539 234 1604 42.
256 1535 338 1596 XIII.
381 1535 414 1597 Si
441 1536 510 1617 quis
538 1535 632 1598 iudex
661 1546 714 1599 aut
743 1545 830 1598 actor
855 1537 995 1617 poplicus
1024 1535 1055 1597 in
1085 1536 1189 1617 quali-

102 1657 233 1719 cumque
262 1637 415 1700 ciuitatem
449 1646 502 1700 aut
533 1638 634 1699 locum
667 1640 747 1701 iuter
774 1639 937 1712 homenis,
971 1638 1023 1719 qui
1054 1639 1190 1720 aliquam

100 1740 289 1803 discordiam
310 1740 435 1814 hahent,
457 1749 583 1803 treuuas
606 1739 717 1815 tulerit,
741 1748 771 1803 et
792 1761 870 1804 unus
894 1760 932 1802 ex
952 1740 1029 1820 ipsis
1050 1740 1189 1803 homini-

96 1844 166 1916 hus,
188 1842 269 1904 inter
292 1862 369 1922 quos
391 1842 475 1922 ipsas
497 1850 623 1905 trcuuas
642 1842 719 1904 tulta
741 1849 820 1915 sunt,
843 1862 897 1905 eas
920 1842 1045 1922 ruperit,
1068 1843 1189 1905 medie-

95 1951 194 2006 tatem
217 1945 258 2004 de
278 1944 362 2024 ipsas
384 1951 510 2007 treuuas
541 1950 699 2025 conponat
720 1945 751 2005 in
772 1944 910 2024 puplico,
940 1951 972 2006 et
992 1944 1189 2006 medietatem

93 2045 140 2107 illi
162 2045 246 2108 cuius
270 2064 365 2107 causa
387 2052 444 2112 est.
493 2046 532 2106 Et
551 2045 636 2126 ipsas
658 2052 784 2108 treuuas
805 2065 870 2106 non
892 2046 952 2107 sint
973 2046 1071 2108 minus
1094 2064 1188 2126 quam

95 2145 192 2210 solidi
216 2146 353 2222 ducenti;
383 2147 435 2227 qui
463 2156 568 2208 autem
598 2147 729 2227 amplius
763 2147 894 2210 forsitan
926 2167 984 2227 pro
1019 2147 1187 2210 maioribus
1269 2194 1271 2205 .

96 2249 200 2312 causis
221 2267 340 2329 ponere
361 2248 503 2320 uoluerit,
525 2248 564 2310 sit
586 2249 614 2309 ei
634 2249 799 2315 licentiam.

180 2351 232 2416 43.
254 2347 350 2409 XIIII.
392 2350 439 2410 De
461 2350 638 2415 donatione.
688 2350 811 2431 Siquis
839 2350 900 2412 alio
926 2350 1044 2411 homini
1066 2349 1187 2430 qualis-

101 2469 231 2532 cumque
259 2469 326 2511 rem
359 2452 524 2512 donauerit
555 2461 586 2514 et
617 2454 763 2535 launigild
799 2452 983 2532 susceperit,
1018 2457 1048 2512 et
1076 2459 1186 2531 postca

96 2546 265 2615 defendero
293 2551 417 2612 minime
443 2554 592 2631 potuerit,
625 2564 698 2618 tunc
723 2556 815 2618 allam
837 2553 931 2615 talem
953 2572 1032 2626 rem,
1063 2552 1187 2634 qualem

94 2655 233 2730 donauit,
256 2652 356 2734 qualis
378 2655 409 2714 iu
430 2653 483 2715 illa
498 2655 568 2716 diae
588 2654 741 2717 inuenitur
762 2674 841 2730 esse,
864 2655 974 2717 reddat
988 2655 1036 2716 cui
1051 2653 1186 2729 donauit,

93 2764 128 2818 et
157 2754 290 2835 amplius
325 2774 388 2816 nou
420 2755 632 2822 calomnictur.
684 2756 723 2817 Et
752 2756 778 2819 si
805 2759 844 2818 de
873 2756 1017 2819 conludio
1045 2756 1185 2836 pulsatus

92 2857 199 2930 fuerit,
222 2856 392 2918 satisfaciat
413 2857 452 2917 ad
478 2859 651 2939 euangeIIa,
674 2860 758 2939 quod
779 2859 896 2920 nullum
918 2859 1095 2920 conludium
1117 2877 1186 2920 cum

91 2960 158 3021 alio
180 2958 309 3019 homine
330 2959 370 3018 de
391 2960 459 3037 ipsa
482 2964 576 3021 causa
596 2961 711 3022 lactum
732 2960 863 3034 haheat,
893 2966 924 3022 et
945 2960 984 3022 sit
1005 2961 1123 3023 solutus
1146 2961 1186 3021 dc

89 3061 204 3141 culpa;
233 3060 276 3122 sic
301 3067 406 3121 tamen
434 3069 467 3122 ut
495 3060 736 3142 suprascriptam
762 3082 828 3122 rem
856 3061 1046 3123 consimilem
1075 3063 1187 3123 reddat

91 3163 144 3224 cui
167 3162 305 3226 donauit.
1169 3155 1178 3175 ²

182 3267 233 3330 44.
256 3265 324 3328 XV.
365 3264 412 3324 De
435 3282 527 3326 seruo
549 3263 657 3344 fugace
679 3273 709 3326 et
731 3265 853 3326 aduena
874 3264 1010 3337 homine,
1032 3263 1058 3324 si
1078 3263 1109 3323 iu
1124 3263 1185 3325 alia

91 3366 255 3427 iudiciaria
275 3367 418 3428 inuentus
435 3364 545 3437 fuerit,
574 3372 645 3426 tunc
667 3366 804 3447 degauus
832 3373 885 3427 aut
914 3365 1056 3428 saltarios
1079 3364 1183 3444 quiin

92 3468 165 3530 loco
189 3477 253 3539 est,
283 3467 536 3548 conprehendere
559 3467 671 3528 debeat
695 3468 786 3529 etad
815 3466 971 3530 sculdahis
994 3486 1084 3529 suum
1106 3485 1184 3546 per-

92 3571 202 3643 ducat,
231 3576 262 3630 et
282 3569 350 3649 ipsc
372 3568 528 3631 sculdahis
557 3587 627 3628 eum
654 3568 745 3631 iudici
767 3590 823 3631 suo
845 3570 1016 3650 consignet.
1058 3568 1097 3630 Et
1116 3567 1184 3648 ipse

91 3673 187 3734 iudex
208 3677 396 3751 potestatem
422 3669 538 3733 habeat
565 3690 636 3731 eum
663 3671 895 3751 inquirendum,
927 3672 1010 3731 unde
1030 3672 1098 3750 ipse
1120 3677 1183 3733 estz

94 3782 126 3836 et
148 3775 174 3837 si
195 3774 337 3835 iuuentus
359 3772 463 3845 luerit,
493 3773 578 3854 quod
605 3792 713 3836 seruus
736 3772 775 3836 sit
797 3780 849 3834 aut
868 3772 932 3846 fur,
962 3792 1036 3834 mox
1057 3773 1185 3835 mandet

93 3877 136 3939 ad
157 3876 291 3938 iudicem
306 3882 359 3937 aut
380 3875 420 3939 ad
436 3875 594 3936 dominum
617 3876 693 3954 eius,
715 3876 797 3936 unde
818 3875 885 3955 ipsc
903 3874 1003 3950 fuerit,
1025 3882 1057 3936 et
1069 3874 1185 3936 haheat

94 3998 154 4059 pro
175 3997 307 4058 presura
328 3978 367 4038 de
387 3978 456 4058 ipso
478 3996 571 4040 seruo
593 3998 650 4059 per
663 3985 757 4059 caput
770 3975 888 4039 solidos
911 3977 1000 4044 duos.
1034 3977 1065 4038 Si
1080 3982 1183 4040 autem

93 4089 168 4161 post
195 4079 373 4161 inquisitam
406 4100 532 4144 causam
565 4080 632 4160 ipse
662 4080 757 4141 homo
787 4079 841 4161 qui
871 4078 1101 4159 conprehensus
1130 4085 1184 4141 aut

93 4183 259 4263 inquIsitus
280 4182 371 4245 fuerit
391 4181 470 4244 liber
491 4182 663 4263 aparuerit,
690 4181 773 4244 nulla
795 4180 834 4244 sit
855 4181 944 4261 culpa
966 4180 1009 4255 ei,
1036 4181 1089 4262 qui
1112 4199 1182 4242 eum
