2574 4710
147 379 188 442 70
363 374 530 438 EDlCTVS
551 373 730 437 ROTHARI
751 374 834 442 CAP.
857 376 1032 443 373-376.

231 564 303 627 373.
348 561 378 621 Si
402 580 512 623 seruus
540 561 622 641 regis
651 560 789 622 hoberus
817 566 870 621 aut
898 559 1068 621 uuecuorin
1097 579 1151 622 seu
1171 581 1228 624 ma-

148 663 294 735 rahuorf,
318 670 369 724 aut
392 662 522 744 qualibit
544 663 604 724 alia
627 664 718 742 culpa
742 662 894 723 minorem
916 661 1038 735 fecerit,
1059 661 1103 724 ita
1124 682 1229 744 conpo-

148 769 212 835 nat,
235 763 313 825 sicut
334 763 466 824 aliorum
489 764 708 837 exercitalium,
732 782 813 844 quae
837 782 931 844 supra
947 764 1072 847 decreta
1096 764 1174 849 [cap.
1190 770 1230 834 27.

149 867 200 930 30.
222 869 293 930 277.
315 864 387 949 380]
411 873 492 939 sunt,
513 873 739 945 conponuntur.

233 1006 306 1070 374.
349 1003 396 1062 De
418 1003 584 1069 sculdahis.
621 1005 654 1067 Si
676 1003 744 1084 quis
766 1004 923 1066 sculdahis
946 1011 1000 1065 aut
1014 1012 1151 1065 actorem
1165 1006 1232 1086 regis

148 1092 298 1167 occiderit
323 1105 487 1167 utilitatem
515 1106 598 1187 regis
627 1107 809 1178 facientem,
843 1107 1034 1186 adpretietur
1061 1125 1120 1186 pro
1149 1108 1234 1171 libero

38 1240 41 1244 >
148 1207 325 1280 homiuem,
355 1208 433 1270 sicut
454 1210 484 1270 in
507 1209 568 1270 hoc
590 1208 724 1270 edictum
744 1209 867 1290 legitur,
891 1216 921 1269 et
942 1207 1124 1288 parentibus
1146 1209 1235 1290 legiti-

149 1309 208 1370 mis
231 1315 435 1389 conponatur,
464 1317 593 1390 excepto
617 1312 648 1370 in
670 1318 788 1372 curtem
809 1310 891 1390 regis
914 1318 1079 1390 conponat,
1102 1313 1155 1389 qui
1178 1331 1235 1373 cum
1278 1349 1281 1417 p

150 1411 314 1483 occiderit,
338 1411 454 1473 solidos
478 1418 653 1491 octugenta.
704 1413 742 1474 Et
764 1413 790 1474 si
812 1415 948 1477 battutus
971 1411 1064 1473 luerit
1085 1421 1140 1473 aut
1159 1413 1234 1495 lega·
1278 1462 1281 1499 ÷

151 1520 217 1583 tus,
241 1512 380 1574 similiter
402 1521 597 1592 conponatur
624 1534 682 1595 pro
705 1513 836 1575 liberum
858 1513 1034 1585 hominem,
1058 1521 1113 1575 aut
1134 1533 1233 1578 secun-
1279 1512 1281 1519 ’

150 1614 224 1675 dum
254 1614 413 1675 nationem
448 1633 554 1686 suam,
589 1615 667 1677 sicut
694 1615 725 1675 iu
754 1616 815 1676 hoc
844 1614 977 1676 edictum
1008 1615 1091 1701 [cop.
1119 1619 1170 1682 41.
1197 1617 1235 1702 ll]

150 1717 350 1778 constitutum
374 1723 437 1790 est3
470 1725 600 1796 excepto
624 1718 656 1778 in
679 1724 796 1778 curtem
819 1719 900 1798 regis
930 1737 988 1796 pro
1017 1718 1108 1797 culpa
1131 1719 1236 1782 solidos

149 1825 324 1899 octogenta.

234 1941 305 2004 375.
352 1938 384 1998 Si
412 1940 597 2019 gastaldius,
631 1946 684 2000 aut
713 1938 912 2018 quicumque,
930 1945 1016 2000 actor
1044 1943 1146 2021 regis,
1178 1949 1239 2021 post

150 2048 312 2120 susceptas
342 2047 396 2102 aut
424 2040 607 2104 commissas
637 2042 678 2102 ad
707 2040 943 2121 gobernandum
978 2049 1080 2104 curtes
1109 2043 1191 2124 regis
1215 2051 1239 2104 ct

151 2160 261 2203 causas
283 2142 401 2223 regias,
424 2142 539 2222 aliquid
561 2163 618 2223 per
640 2143 828 2224 gairethinx,
850 2142 882 2201 id
906 2150 954 2202 est
975 2142 1186 2217 donationem,
1208 2147 1238 2206 al>

150 2243 211 2304 alio
235 2263 431 2324 quocumque
452 2245 567 2305 laetam
590 2243 814 2325 conquesierit,
839 2243 878 2304 sit
899 2243 941 2304 illi
963 2244 1122 2320 stabilem,
1147 2247 1238 2326 siper

149 2345 382 2425 preceptionem
403 2347 614 2427 indulgentiae
642 2347 725 2426 regis
748 2346 777 2405 in
802 2364 872 2405 eum
901 2345 995 2408 fuerit
1021 2346 1241 2412 confirmatum.

149 2447 293 2527 Alioquin
316 2449 475 2529 quidquid,
498 2456 532 2510 ut
552 2448 726 2529 predictum
748 2454 803 2519 est,
826 2454 899 2526 post
919 2456 1097 2527 susceptam
1113 2450 1242 2510 admini-

150 2549 334 2609 strationem
360 2569 418 2630 per
445 2550 619 2630 gairethinx
647 2548 852 2629 adquesierit,
883 2548 943 2609 hoc
972 2558 1070 2611 totum
1099 2554 1165 2632 regi
1189 2553 1243 2613 ad-

152 2652 270 2729 quirat,
299 2659 329 2711 et
351 2671 414 2711 non
437 2671 494 2712 suo
524 2652 652 2730 proprio
681 2653 808 2710 nomine
838 2650 972 2712 uindicet
998 2670 1055 2712 nec
1078 2653 1164 2732 ipse,
1192 2672 1243 2714 nec

150 2751 276 2813 heredis
298 2751 404 2830 ipsius.

243 2892 314 2954 310.
364 2890 470 2951 Nullus
500 2896 660 2969 presumat
691 2888 829 2950 haldiam
861 2889 993 2951 alienam
1025 2899 1078 2952 aut
1107 2893 1246 2955 ancillam

153 2991 242 3071 quasi
265 2993 409 3071 strigam,
437 3010 530 3071 quem
553 2992 658 3052 dicunt
685 3010 838 3064 mascam,
867 2992 1025 3066 occidere;
1055 2995 1141 3073 quod
1164 2996 1246 3056 chri-

152 3094 260 3154 stianis
289 3095 443 3155 mentibus
473 3094 647 3155 nullatenus
678 3094 866 3154 credendum
894 3102 954 3167 est,
985 3114 1042 3155 nec
1068 3097 1246 3176 possibilem

152 3201 185 3256 ut
207 3195 317 3256 mulier
338 3194 498 3256 homiuem
527 3197 634 3256 uiuum
659 3194 842 3257 intrinsecus
870 3196 969 3274 possit
998 3199 1174 3260 comedere.
1218 3200 1247 3261 Si

153 3296 221 3375 quis
245 3298 283 3357 de
312 3305 416 3358 cetero
439 3298 531 3358 talem
553 3296 710 3358 inlecitam
739 3305 770 3358 et
798 3297 965 3357 nefandam
995 3318 1061 3358 rem
1083 3310 1247 3380 penetrare

151 3399 386 3479 presumpserit,
410 3401 434 3461 si
456 3399 593 3459 haldiam
617 3398 772 3471 occiderit,
797 3406 952 3478 conponat
967 3420 1024 3479 pro
1048 3409 1163 3464 statum
1184 3406 1247 3464 eius

153 3500 271 3563 solidos
295 3504 345 3575 00,
370 3508 400 3560 et
421 3501 549 3581 insuper
571 3501 667 3562 addat
687 3519 745 3579 pro
769 3502 858 3580 culpa
882 3500 999 3563 solidos
1021 3511 1155 3577 centum,
1180 3523 1248 3564 me-

153 3601 300 3663 dietatem
322 3602 387 3682 regi
411 3610 441 3662 et
468 3602 666 3663 medietatem
694 3602 779 3664 cuius
809 3603 914 3663 haldia
944 3605 1047 3669 luerit.
1092 3606 1123 3666 Si
1147 3614 1248 3666 autem

153 3703 263 3764 ancilla
294 3703 403 3779 fuerit,
436 3712 594 3784 conponat
625 3725 682 3785 pro
717 3711 830 3765 statum
864 3705 946 3777 eius,
980 3714 1013 3767 ut
1045 3726 1141 3786 supra
1169 3708 1248 3792 [cop.

155 3806 237 3870 130.
256 3856 262 3868 .
281 3805 373 3889 ‚13c]
402 3805 598 3866 constitutum
626 3813 687 3880 est,
722 3806 748 3867 si
776 3805 982 3869 ministiriales
1011 3816 1065 3869 aut
1093 3810 1250 3871 rusticana

152 3905 262 3981 luerit3
292 3915 323 3967 et
344 3906 471 3985 insuper
491 3927 549 3987 pro
580 3907 669 3988 culpa
692 3907 808 3969 solidos
832 3911 887 3981 00,
911 3909 1110 3970 medietatem
1131 3912 1197 3993 regi
1221 3920 1250 3973 et

154 4007 353 4068 medietatem
382 4009 467 4071 cuius
497 4009 607 4070 ancilla
634 4009 736 4074 fuerit.
784 4009 816 4069 Si
843 4029 919 4071 uero
947 4011 1040 4071 iudex
1068 4012 1141 4073 huic
1170 4033 1249 4094 opus

154 4109 271 4169 malum
292 4117 456 4190 penetrare
478 4110 611 4185 iusserit,
633 4111 700 4191 ipse
724 4111 762 4170 de
789 4131 845 4172 suo
872 4113 1001 4193 proprio
1029 4133 1110 4193 pena
1133 4136 1251 4196 supra-

152 4210 268 4290 scripta
290 4219 454 4292 conponat.
