2574 4710
202 345 448 411 ,LIVTPIIANDI
468 345 594 408 LEGES
615 344 709 405 ANNI
730 345 784 412 xl.
808 343 894 410 (leil).¹
912 345 1045 409 52-53.
1122 343 1181 408 105

177 534 228 599 52.
251 530 365 593 XXIII.
408 530 441 592 Si
472 531 540 612 quis
572 550 697 594 sernum
726 530 859 592 alienum
894 531 960 592 siue
992 529 1184 592 uoluntatem

90 633 213 698 domiui
234 633 281 697 sni
301 633 432 694 liberum
454 633 604 696 dimiserit
625 641 678 695 aut
702 651 760 714 per
781 652 816 695 se
837 639 891 694 ant
912 632 1184 714 qualitercumque,

91 744 225 818 excepto
246 755 305 816 per
326 752 452 796 maunm
472 735 568 816 regis,
596 743 626 797 et
651 740 817 816 pronatum
841 735 934 797 fuerit
955 736 1039 816 quod
1060 754 1186 798 seruum

92 839 229 902 dranum
250 837 435 910 libertasset,
456 843 529 899 tuuc
547 839 616 918 ipse
638 857 747 901 seruus
767 844 940 899 reuertatur
961 838 1001 900 ad
1024 838 1185 920 proprium

93 940 256 1007 dominum
283 959 389 1013 sunm,
417 945 448 1001 et
474 939 514 1003 sit
540 960 648 1003 seruus
677 940 754 1003 sicut
779 947 870 1002 autea
896 940 969 1016 luit3
1005 946 1035 1001 et
1061 940 1113 1000 illc
1134 939 1187 1020 qui

94 1063 165 1106 eum
187 1042 302 1106 inlicite
321 1041 490 1115 Iibertauit‚
513 1051 670 1122 conponat
692 1042 819 1104 domiuo
842 1042 906 1105 eius
928 1042 1047 1105 solidos
1069 1041 1185 1122 uiginti.

179 1146 230 1211 53.
252 1141 380 1204 XXIIII
424 1144 457 1204 Si
486 1144 554 1226 qnis
581 1164 706 1207 seruum
733 1145 866 1207 alieunm
898 1145 965 1207 siue
994 1143 1186 1205 uoluntatem

94 1245 216 1309 domiui
243 1246 291 1309 sni
312 1245 518 1327 cleriganerit,
552 1255 709 1327 conponat
738 1247 865 1309 domino
892 1247 958 1308 eius
986 1266 1045 1326 pro
1072 1245 1187 1307 inlicita

94 1347 332 1430 presumptione
360 1348 477 1412 solidos
506 1348 627 1430 uiginti,
658 1357 688 1411 et
715 1349 783 1429 ipse
810 1368 919 1412 seruus
945 1356 1119 1412 reuertatur
1147 1349 1187 1414 ad

95 1448 442 1532 propriumdomiunm
464 1472 563 1526 snum,
586 1451 704 1533 etipse
728 1452 871 1515 domiuus
894 1451 959 1515 eius
981 1452 1097 1515 habeat
1117 1471 1188 1514 cum

95 1553 177 1631 sicut
196 1551 341 1619 noluerit.
1150 1553 1152 1557 ’

397 1655 529 1737 Explicit
550 1657 588 1717 de
605 1675 693 1719 <auno
715 1657 887 1724 undecimo.

215 1975 357 2039 INCIPIT
377 1976 430 2036 DE
451 1975 560 2038 ANNO
581 1977 818 2041 DVODECIMO
841 1979 881 2063 (p.
906 1979 977 2044 Olor.
1000 1977 1081 2062 724).

187 2159 305 2223 Scimus
333 2161 415 2222 enlm
441 2169 471 2223 et
498 2153 837 2235 firmiterretiuemus,
868 2163 1029 2242 quoniam,
1058 2161 1110 2242 qni
1137 2181 1194 2242 per

102 2263 218 2344 gradus
247 2271 277 2324 et
304 2271 448 2343 tempora
473 2262 504 2323 in
536 2265 619 2323 bono
648 2262 771 2343 proficit
799 2282 911 2343 opere,
944 2271 975 2325 et
1002 2283 1126 2344 semper
1153 2265 1193 2326 ad

107 2363 235 2427 meIIora
256 2366 385 2426 tendere
406 2365 543 2438 uidetur,
566 2365 650 2446 qnod
673 2365 724 2426 dei
743 2365 775 2425 in
797 2384 835 2427 eo
859 2373 1005 2445 operatur
1024 2364 1141 2446 pietas,
1165 2373 1195 2427 et

108 2465 173 2530 eius
191 2467 405 2530 misericordia
427 2487 497 2529 eum
518 2467 674 2541 inlustrat,
704 2467 756 2549 qni
777 2485 886 2530 omnes
908 2467 973 2529 uult
999 2467 1104 2530 saluos
1125 2466 1195 2529 fieri

105 2575 137 2631 et
159 2570 199 2631 ad
221 2569 410 2650 agnitionem
436 2589 511 2632 suae
539 2569 677 2631 ueritatis
700 2568 815 2634 uenire.
863 2569 945 2651 Ergo
968 2569 993 2631 si
1014 2589 1073 2650 pro
1095 2569 1194 2651 gentis

101 2678 233 2734 nostrae
255 2672 427 2734 saluatione
449 2680 501 2733 aut
515 2690 687 2753 pauperum
704 2670 884 2752 fatigatione
900 2671 1013 2752 aliquid
1028 2691 1195 2752 possumus

103 2774 263 2848 conicere,
285 2774 368 2855 qnod
389 2774 422 2835 iu
443 2774 534 2835 edicti
555 2765 687 2854 corpore
714 2773 932 2854 adiungamus,
955 2793 1144 2855 quamquam
1164 2774 1197 2835 in

104 2877 243 2957 quinque
257 2875 464 2939 uoluminibus
480 2875 684 2949 adiunximus,
707 2875 861 2938 credimus
883 2876 967 2957 qnod
986 2877 1198 2939 misericordia
1276 2918 1279 2922 -

104 2979 157 3040 dei
182 2978 215 3039 iu
245 2980 329 3041 boun
357 2977 447 3040 nohis
474 2997 533 3057 pro
561 2977 621 3039 hac
650 2996 745 3040 cansa
771 2978 934 3052 retribuat,
964 2998 1002 3040 eo
1029 2979 1113 3060 quod
1139 2998 1197 3059 pro

105 3079 176 3144 solo
200 3080 251 3141 dei
271 3079 383 3142 timore
404 3088 435 3142 et
457 3099 564 3141 amore
586 3080 648 3140 hoc
667 3079 812 3153 facimus,
841 3088 876 3141 nt
896 3099 1005 3142 omnes
1027 3099 1120 3143 cause
1141 3098 1198 3160 per

104 3182 261 3245 rationem
282 3189 313 3243 et
332 3181 479 3244 iustitiam
498 3181 711 3256 terminentur,
732 3201 791 3242 nec
812 3182 852 3244 sit
873 3183 982 3263 aliquis
1005 3201 1118 3255 errror,
1141 3182 1198 3244 sed

105 3284 207 3366 magis
230 3284 379 3347 clarescat
393 3285 536 3346 omuibus
559 3304 615 3347 sna
635 3283 759 3358 iustitia,
781 3285 864 3345 uude
885 3283 952 3346 sine
972 3282 1199 3346 intermissione

104 3404 222 3449 nomen
244 3385 364 3447 domiui
382 3387 591 3449 benedicatur.
966 3454 968 3459 s

191 3487 330 3570 Ideoque
357 3508 415 3571 ego
445 3490 600 3570 liutprand
625 3487 657 3548 iu
690 3488 739 3547 dei
767 3486 892 3547 nornine
926 3485 1199 3548 excellentissimus

108 3589 208 3672 gentis
241 3590 428 3654 christianae
460 3599 490 3654 et
518 3589 691 3652 catholicae
720 3588 986 3668 langobardorum
1017 3606 1087 3663 rex,
1117 3606 1199 3650 anuo

107 3693 196 3775 regui
222 3692 285 3754 mei
320 3693 436 3755 christo
469 3700 651 3774 protegente
685 3689 886 3762 duodecimo,
920 3688 969 3749 die
997 3689 1200 3751 kalendarum

109 3795 301 3868 martiarum,
323 3795 490 3857 indictione
511 3794 652 3880 septima,
679 3812 740 3855 uua
762 3811 832 3854 cnm
852 3790 1002 3854 iudicibus
1025 3800 1056 3853 et
1076 3791 1201 3872 reliquis

109 3897 311 3979 langobardis
357 3896 500 3960 fidelibus
543 3895 671 3967 uostris.
708 3895 770 3956 hoc
817 3894 985 3975 adiungere
1032 3894 1063 3954 iu
1111 3893 1202 3955 edicti

110 4001 288 4063 curauimns
316 4000 446 4082 pagina,
475 3999 505 4058 in
528 3997 687 4061 nolnm'me
707 3996 832 4078 quidem
858 4004 963 4069 sexto,
997 3997 1081 4076 qnod
1109 4003 1201 4057 autea

109 4103 213 4166 fuerat
239 4102 342 4166 multis
371 4100 657 4182 superuenientibus
677 4099 793 4162 -cansis
823 4099 1010 4175 obmissum;
1039 4098 1072 4160 id
1099 4104 1146 4161 est
1170 4098 1201 4158 iu

110 4225 237 4287 pnmlt:
