2574 4710
316 372 483 435 nnrcms
504 372 639 448 uncus,
662 394 693 453 p.
716 371 787 434 cnr.
810 393 839 436 a.
862 376 933 440 nc.
1114 377 1173 441 tue

74 555 176 635 ipsius
205 546 287 637 agat
335 556 416 618 Nam
445 557 470 620 si
502 557 596 618 iudex
628 557 691 618 hoc
722 557 931 630 consenserit,
965 566 1095 639 excepto
1123 559 1172 622 bis

75 655 236 736 capitulis,
272 668 301 721 et
330 678 395 719 non
423 658 650 736 emendauerit,
686 668 717 720 et
745 659 814 739 ipse
843 643 983 722 similiter
1016 670 1174 741 conponat

75 759 223 840 uuirigiid
250 779 340 822 suum
358 762 448 841 regi.
491 761 522 823 Si
555 761 635 822 enim
670 761 874 842 quiscumque
906 762 984 823 liber
1015 763 1112 825 homo
1140 763 1172 823 in

75 860 208 923 seruitio
223 862 263 922 de
283 863 425 943 gasindio
447 866 539 944 regis,
562 871 615 925 aut
630 863 695 925 eius
718 862 1001 937 fidelisintroierit,
1024 874 1056 927 et
1068 865 1173 939 index,

77 963 193 1024 desub
216 981 310 1043 quem
331 952 431 1037 inerit,
453 963 564 1027 dolose
579 983 650 1026 eum
672 967 859 1045 obpremere
881 967 1037 1046 quesierit,
1057 986 1117 1047 pro
1134 987 1172 1028 eo

79 1064 167 1144 quod
189 1063 309 1145 ipsein
332 1065 459 1128 alterius
482 1066 609 1128 seruitio
630 1066 781 1140 intmiuit,
810 1075 841 1129 et
861 1086 917 1147 per
941 1068 1043 1147 ipsum
1066 1068 1173 1129 dolum

76 1166 201 1228 iniecite
223 1165 252 1227 ei
271 1165 462 1240 indicauerit,
486 1175 517 1229 et
536 1167 685 1230 forsitans
701 1171 740 1230 ab
762 1170 832 1250 ipso
854 1169 956 1230 iudice
977 1189 1035 1230 suo
1056 1169 1173 1232 iustitia

77 1268 219 1329 inuenire
230 1287 294 1328 non
309 1269 458 1348 potuerit:
474 1277 547 1330 tunc
561 1278 719 1350 conponat
732 1271 836 1343 index,
853 1271 930 1333 sicut
945 1290 1040 1350 supra
1051 1270 1172 1352 legitur,

80 1380 111 1432 et
138 1370 190 1430 ille
216 1370 249 1431 in
276 1371 361 1433 cuius
389 1371 540 1452 obsequio
564 1379 624 1445 θεῖ,
653 1372 770 1434 babeat
796 1372 919 1434 licentia
948 1392 1075 1436 cansam
1105 1374 1171 1436 eius

81 1492 189 1554 agere,
220 1479 251 1533 et
272 1492 371 1553 usque
394 1475 434 1535 ad
456 1474 557 1554 legem
578 1475 766 1553 perducere3
797 1474 841 1536 sie
866 1483 988 1552 tamen,
1020 1483 1054 1537 ut
1080 1483 1172 1538 antea

84 1577 176 1637 eadat
206 1576 245 1636 ad
275 1575 420 1637 iudicium
449 1575 488 1635 de
516 1575 617 1636 iudice
647 1595 720 1649 suo,
754 1583 787 1637 ut
820 1578 859 1637 ad
891 1577 994 1657 ipsum
1027 1578 1174 1658 suscipiat

80 1676 239 1742 iustitiam.

166 1781 216 1844 12.
255 1777 330 1840 Vlll.
358 1779 500 1840 Relatum
528 1788 575 1842 est
607 1781 712 1854 nobis,
746 1781 830 1861 quod
864 1782 925 1843 sint
957 1781 1050 1861 aliqui
1084 1782 1175 1861 praui

79 1880 225 1953 hominis,
249 1880 300 1960 qui
324 1881 506 1943 submittant
526 1882 557 1942 in
579 1882 698 1961 palatio
721 1890 828 1944 nostro
856 1892 1009 1944 secretum
1031 1893 1173 1947 nostrum

80 1966 279 2055 discendum,
304 1989 339 2043 ut
363 1990 418 2043 aut
443 2002 500 2062 per
529 1984 684 2055 dilicioso,
716 1992 770 2044 aut
789 2003 846 2063 per
867 1984 1020 2046 hostiario
1042 1993 1096 2046 aut
1117 2005 1174 2066 per

80 2086 158 2148 aiios
185 2083 323 2146 h'ominis
358 2084 518 2163 captiosae
548 2093 600 2146 aut
633 2087 807 2147 absconsae
840 2083 955 2164 aliquid
986 2086 1174 2168 inuestigare

80 2187 215 2268 possint,
245 2186 393 2268 quidquid
419 2205 478 2249 nos
505 2206 651 2268 agamus;
680 2194 711 2247 θῖ
731 2185 789 2265 ipsi
812 2185 865 2266 qui
887 2194 1050 2267 rogantur,
1079 2187 1174 2267 quid-

82 2290 153 2370 quid
187 2307 378 2369 cognoscere
404 2297 537 2368 possunt
564 2306 689 2364 corum,
722 2289 873 2349 mandant
905 2295 959 2350 aut
991 2290 1175 2352 annuntiant

83 2399 189 2460 nostra
221 2399 355 2463 secreta,
384 2400 415 2453 et
444 2390 546 2452 adhuc
573 2391 605 2451 in
633 2398 783 2452 extranea
810 2390 970 2470 prouincia
992 2391 1174 2454 mandatum

79 2493 207 2557 faciunt.
242 2492 302 2553 Sed
326 2493 448 2572 adparit
469 2493 570 2566 nobis,
593 2500 627 2554 ut
648 2492 701 2573 qui
715 2492 777 2553 tale
800 2511 895 2553 causa
917 2500 1082 2571 penetrare
1097 2512 1175 2573 pre-

77 2594 188 2667 sumit,
219 2613 282 2654 non
305 2595 403 2656 estin
426 2593 490 2655 fide
512 2615 569 2657 sua
591 2602 708 2666 rectus,
736 2595 792 2656 sed
814 2594 846 2655 in
876 2593 949 2654 mali
977 2595 1174 2674 suspectione

75 2715 210 2758 manere
238 2696 370 2761 uidetur.
415 2696 503 2757 Vnde
533 2696 744 2772 decreuimus,
778 2703 812 2757 ut
843 2694 896 2775 qui
922 2695 953 2756 in
985 2695 1047 2757 tale
1080 2691 1176 2759 causa

75 2799 198 2860 amodo
220 2805 334 2859 temtus
356 2796 462 2870 fuerit,
491 2806 555 2859 tam
585 2797 636 2877 qui
667 2787 816 2860 submittit
842 2817 998 2879 quamque
1021 2798 1073 2878 qui
1095 2801 1176 2860 sub-

74 2901 223 2973 mittitur,
258 2899 380 2961 auimae
408 2916 485 2962 suae
511 2897 648 2960 incurrat
675 2900 860 2978 periculum,
895 2910 925 2961 et
952 2919 1002 2962 res
1030 2904 1096 2963 eius
1123 2902 1176 2962 in-

74 3004 253 3078 sescentum
270 3001 342 3084 quia
355 3001 433 3063 sicut
448 3000 520 3061 dicit
538 3000 743 3080 scripturae1:
766 3011 919 3064 secretum
936 3002 1018 3082 regis
1036 3004 1176 3065 abscon-

77 3105 157 3166 dere
180 3106 297 3165 bonum
320 3110 376 3176 est,
399 3120 497 3182 opera
519 3108 622 3163 autem
647 3103 696 3163 dei
724 3102 866 3163 reueiare
888 3101 1096 3164 honorificum
1119 3112 1176 3166 est.

124 3290 198 3385 [m.
251 3288 455 3375 nurcms
484 3287 622 3361 nucis
650 3288 879 3362 cnrirvm
908 3287 955 3359 in
982 3288 1135 3362 unum

506 3406 749 3501 sinuum]

166 3560 387 3625 PROLOGVS.
436 3560 515 3633 Ista,
546 3578 627 3640 quoe
654 3558 796 3639 superius
823 3559 938 3639 scripta
964 3565 1121 3632 tenentur,
1146 3559 1178 3619 in

84 3663 219 3725 edietum
246 3663 434 3737 scribantur,
461 3669 493 3723 ct
513 3661 574 3724 ista
596 3660 730 3742 capitula
753 3661 814 3722 dua
837 3660 876 3721 de
898 3662 1006 3722 subtus
1027 3660 1059 3720 in
1081 3662 1178 3722 breue

84 3765 277 3844 preuidimus
299 3773 446 3828 statuere.

171 3870 220 3935 13.
253 3867 322 3928 lioe
344 3875 447 3928 autem
470 3872 606 3928 statuere
628 3863 829 3945 preuidimus,
856 3870 889 3924 ut
909 3881 1031 3926 marcas
1053 3871 1179 3925 nostras

86 3967 202 4032 christo
225 3968 417 4032 custodiente
438 3967 483 4030 sic
504 3967 619 4030 debeat
639 3965 708 4029 fieri
730 3964 891 4033 ordinatas
914 3972 944 4026 θῖ
965 3964 1124 4047 uigilatas,
1146 3971 1180 4024 nt

86 4070 200 4131 inimici
229 4070 330 4133 nostri
352 4077 383 4131 et
409 4077 517 4150 gentes
543 4076 650 4133 nostro
672 4089 734 4132 non
761 4067 882 4151 possint
902 4085 960 4146 per
982 4085 1035 4130 eas
1058 4065 1178 4130 sculcas

87 4226 107 4296 1)
129 4229 222 4284 ranas
243 4227 284 4299 12,
304 4227 331 4282 7.
