2574 4710
100 337 159 403 128
200 333 439 396 LIVTPRANDI
459 332 584 394 Ludus
607 332 702 393 ANNI
723 332 819 398 XVII.
834 331 924 398 4(ἸΑΡ.
949 333 1121 399 lta—tlt.

96 526 216 582 curtem
234 536 335 581 ⁴suam
362 515 624 598 conpraehinsum
653 515 781 590 diruerit,
813 523 985 597 conponat·
1002 515 1116 578 solidos
1135 520 1173 595 40,
1220 518 1222 525 '

97 621 212 701 siipse
231 619 397 682 conludius
420 618 610 699 apparuerit.
956 690 958 694 ,
1080 623 1082 627 ’

183 724 253 787 112.
276 719 365 783 VIIII.
408 721 455 781 De
468 719 575 801 puella
589 721 672 781 uude
685 720 749 782 lam
770 728 864 782 antea
885 719 966 805 [cop.
984 719 1034 804 12]
1051 718 1174 796 diximus,

96 824 175 885 utin
191 823 377 886 duodecImo
394 841 476 883 anno
499 822 644 902 legetima
667 822 707 884 sit
729 822 770 883 ad
785 821 1008 895 maritandum,
1032 821 1076 884 sic
1097 823 1175 884 modo

98 926 282 999 statuimus,
315 932 349 986 ut
379 945 443 986 uon
475 924 643 986 intrantem
673 925 744 1004 ipso
778 923 965 985 duodecimo
1000 942 1103 996 anuo,
1132 926 1176 986 sed

97 1023 239 1107 expleto,
270 1027 314 1089 sic
336 1026 375 1089 sit
396 1025 573 1106 legetimam
597 1027 637 1087 ad
660 1026 881 1091 maritandum,
929 1025 1006 1088 Ideo
1028 1045 1109 1086 nune
1127 1025 1176 1088 huc

98 1130 236 1200 dicimus,
260 1129 332 1208 quia
355 1128 452 1190 multe
469 1128 650 1190 intentionis
667 1128 706 1188 de
721 1146 850 1189 causam
863 1127 957 1190 istam
973 1127 1174 1208 cognouimus3

97 1238 128 1291 et
156 1230 280 1310 apparit
308 1229 416 1303 uobis,
451 1213 535 1309 quod
563 1231 720 1293 inmatura
749 1249 844 1292 causa
874 1229 921 1291 sid
951 1238 1025 1292 aute
1053 1230 1174 1310 expletis

97 1333 261 1392 duodecim
284 1351 393 1395 annos.

183 1437 251 1500 113.
274 1434 315 1497 X.
359 1433 392 1493 Si
414 1433 481 1512 quis
504 1433 715 1513 langobardus
731 1433 864 1494 uoluerit
884 1433 915 1493 in
937 1431 1020 1493 filios
1043 1451 1117 1494 suos
1130 1432 1176 1494 sili

97 1539 176 1597 bene
210 1535 416 1596 seruientibus
446 1535 555 1614 aliquit
584 1520 705 1615 largiri,
738 1535 857 1596 habeat
889 1533 1048 1596 licentiam
1071 1533 1103 1594 iu
1127 1533 1177 1595 hoc

98 1638 211 1712 modo,
243 1643 277 1697 ut
303 1635 329 1697 si
356 1636 480 1697 fuerent
507 1638 568 1699 duo
596 1635 667 1709 filii,
696 1637 821 1699 tertiam
850 1643 972 1716 partem
998 1635 1176 1698 substantiae

96 1758 172 1802 suae
202 1738 303 1818 possit
331 1736 498 1798 meliorare
521 1757 608 1812 eum,
642 1739 695 1818 qui
723 1739 751 1800 ei
772 1741 852 1799 bene
881 1746 911 1801 et
939 1737 1109 1800 secundum
1129 1738 1176 1798 deo

96 1839 246 1901 obediens
275 1839 368 1901 fuerit
398 1848 429 1902 et
459 1841 612 1905 seruierit.
675 1840 715 1901 Et
746 1841 771 1902 si
804 1848 867 1902 tres
898 1827 1043 1912 luerent,
1075 1839 1179 1902 habeat

94 1941 264 2014 licentiam,
293 1949 439 2020 quartam
466 1948 588 2022 partem
618 1942 785 2003 meliorare
813 1961 906 2021 quem
935 1941 1084 2018 uoluerit;
1113 1941 1180 2005 etsi

79 2045 217 2105 'luerent
258 2049 405 2124 quattuor
444 2042 523 2118 filii,
568 2044 684 2106 tribuat
722 2044 861 2123 quintam
902 2052 1052 2123 partem;
1104 2043 1181 2106 etsi

94 2145 218 2205 luerent
260 2144 396 2224 quinque
439 2144 519 2217 filii,
565 2152 685 2207 sextam
728 2153 878 2224 partem;
929 2153 959 2206 et
1002 2146 1030 2207 si
1070 2145 1182 2206 fuerent

95 2266 150 2308 sex
172 2246 355 2326 septimam;
388 2254 419 2307 et
441 2247 467 2308 si
490 2247 620 2326 amplius
643 2247 780 2318 fuerent,
806 2266 863 2327 per
884 2247 947 2307 hoc
967 2247 1092 2307 nomiro
1114 2265 1180 2326 per-

95 2356 214 2421 currat,
248 2356 282 2409 ut
303 2366 428 2427 semper
451 2348 503 2427 qui
524 2356 614 2428 pater
637 2357 699 2421 est,
731 2348 869 2409 uicorum
891 2349 1024 2420 habeat,
1059 2347 1184 2429 qualiter

95 2450 123 2510 ei
143 2448 199 2510 filii
221 2449 268 2510 sui
290 2457 386 2522 recte,
416 2457 450 2510 ut
472 2449 604 2511 diximus
633 2451 803 2512 oboediant
830 2460 861 2512 et
883 2450 1079 2525 deseruiant;
1114 2449 1186 2512 etsi

94 2551 153 2613 toti
181 2550 208 2611 ei
237 2553 317 2611 bene
350 2551 537 2626 seruierent,
570 2551 708 2614 habeant
740 2551 964 2632 aequalitatem
997 2552 1186 2614 substantiae

94 2652 202 2732 patris.
248 2650 340 2722 Quod
363 2653 389 2713 si
410 2653 558 2715 forsitans
575 2653 777 2733 quiscumque
800 2654 970 2716 secundam
992 2660 1046 2715 aut
1066 2654 1186 2716 tertiam

94 2753 254 2813 mulierem
271 2752 401 2827 duxerit,
425 2762 456 2815 et
476 2754 623 2815 habuerit
643 2753 725 2817 filius
748 2763 779 2817 et
800 2756 839 2816 de
855 2756 1044 2818 anteriorem
1059 2754 1188 2836 coniuge

95 2864 125 2917 et
148 2854 186 2914 de
208 2861 406 2934 sequentem,
436 2874 500 2916 non
529 2855 647 2918 habeat
673 2863 861 2936 potestatem
887 2857 958 2918 illos
986 2852 1187 2938 posteriores,

95 2975 230 3037 quorum
259 2963 358 3016 mater
387 2955 478 3033 uiuit,
506 2957 668 3019 meliorem
694 2959 800 3020 facere
827 2960 901 3020 dum
926 2959 997 3039 ipsa
1027 2959 1189 3035 aduixerit,

93 3077 151 3119 nec
173 3057 255 3118 dicat
277 3056 403 3136 aliquis,
427 3059 511 3137 quod
533 3078 590 3139 per
610 3061 680 3140 ipsa
702 3060 864 3122 mulierem
886 3060 953 3122 talis
977 3061 1084 3123 soasio
1107 3063 1189 3124 facta

92 3160 208 3221 fuissit:
229 3159 388 3221 defuncta
421 3169 526 3223 autem
556 3162 731 3235 mulierem,
764 3171 855 3242 pater
889 3162 1046 3224 licentiam
1072 3163 1190 3226 habeat

92 3261 210 3332 facere,
240 3261 319 3322 sicut
341 3282 436 3343 supra
458 3263 578 3343 legitur.
623 3262 703 3334 Quia
726 3264 878 3326 credimus
901 3266 1073 3327 secundum
1097 3267 1190 3328 deum

94 3382 172 3434 esse,
196 3370 229 3425 ut
252 3363 325 3423 dum
348 3365 472 3438 serudS,
500 3364 552 3444 qui
573 3367 654 3426 bene
676 3364 823 3440 seruiunt,
847 3365 1029 3429 melloratds
1053 3367 1188 3437 uidimus

94 3472 124 3526 et
152 3467 367 3526 remuneratus
395 3485 413 3526 a
442 3465 574 3528 dominis
603 3467 682 3543 suis,
714 3487 809 3546 quam
837 3467 907 3529 illos
931 3469 985 3551 qui
1013 3478 1099 3531 recte
1126 3454 1207 3532 nous

93 3566 245 3628 seruiunt:
275 3574 393 3645 quantu
421 3567 518 3647 magis
547 3568 662 3629 debent
682 3568 752 3629 fieri
780 3576 866 3630 recta
892 3587 1003 3643 causa,
1032 3578 1066 3632 ut
1091 3571 1189 3632 homo

92 3666 190 3727 filium
212 3686 302 3729 suum
324 3668 489 3729 meliorare
517 3676 548 3730 et
575 3689 777 3731 remunerare
804 3671 921 3751 possit,
952 3671 1004 3754 qui
1027 3673 1055 3732 ei
1078 3673 1190 3738 melius

93 3769 244 3833 seruierit.

178 3872 248 3936 114.
270 3870 324 3934 XI.
369 3871 400 3931 si
427 3871 530 3950 puella
560 3871 626 3933 sine
651 3872 810 3934 uoluntate
840 3881 1006 3954 parentum
1034 3878 1191 3940 absconse

93 3973 133 4032 ad
156 3971 303 4032 maritum
325 3973 545 4049 ambolauer'it,
569 3982 599 4035 et
622 3973 650 4035 ei
671 3982 755 4037 meta
775 3995 834 4037 nee
855 3977 930 4038 data
951 3995 1008 4037 nec
1029 3980 1191 4057 promissa

91 4072 197 4145 fuerit,
227 4080 257 4135 et
280 4075 463 4154 contegerit,
486 4083 521 4137 ut
543 4076 672 4139 maritus
694 4077 761 4157 ipse
784 4085 875 4139 antea
898 4077 1062 4153 morlatur,
1094 4100 1192 4163 quam

92 4175 252 4236 mundium
275 4176 314 4235 de
337 4195 406 4236 eam
428 4176 530 4250 faciat,
553 4185 698 4240 contenta
720 4179 759 4241 sit
780 4180 849 4260 ipsa
871 4180 988 4255 mulier,
1010 4199 1069 4241 nee
1087 4184 1192 4263 possit
