2574 4710
137 346 179 412 34
358 342 524 405 nuicrvs
545 342 723 404 3353131
741 341 823 409 cnr.
848 312 1023 407 134-139.

139 529 177 589 de
208 536 292 588 certo
315 535 418 608 patre:
452 535 524 589 tunc
544 527 596 586 ille
626 528 673 587 cui
702 528 818 588 crimen
841 525 984 598 mittitur,
1015 531 1147 604 quaerat
1179 525 1239 586 sibi

132 630 253 692 liberos
275 628 533 702 sacramentales,
566 635 597 689 31
617 630 768 711 praebeat
793 634 1021 690 sacramentum
1045 629 1129 706 quod
1152 626 1238 689 filius

136 732 300 812 legetimus
328 731 367 794 sit
393 739 424 791 et
449 720 596 810 perlege
621 749 672 791 ros
700 730 785 810 ipsas
813 730 852 790 ad
884 749 954 798 eum
980 729 1148 808 pertineat,
1180 748 1239 788 nec

138 833 227 894 alteri
249 852 318 894 eam
333 852 391 912 per
411 832 511 912 legem
532 831 685 892 dimittere
701 831 827 906 debeat;
851 832 877 894 si
898 831 960 892 hoc
981 831 1098 904 fecerit,
1120 831 1238 892 habeat

139 944 169 996 ct
190 937 319 1008 fruatur,
343 934 415 1013 quia
436 952 533 1015 graue
555 940 586 992 et
605 931 734 1012 impium
754 933 877 994 uidetur
899 953 979 1005 esse,
992 942 1025 993 ut
1046 933 1117 994 talis
1140 951 1239 994 causa

139 1039 196 1099 sub
219 1056 281 1097 uno
305 1043 392 1098 scuto
415 1054 472 1115 per
493 1053 630 1114 pugnam
653 1035 831 1118 dimittatur.

38 1153 45 1165 '
150 1168 153 1174 ⁴
225 1139 294 1203 165.
338 1137 370 1197 Si
393 1136 461 1215 quis
484 1135 596 1196 dixerit
614 1136 657 1195 de
677 1154 810 1196 uxorem
825 1137 968 1209 alienam,
992 1136 1076 1216 quod
1093 1136 1236 1222 mundius

139 1240 179 1300 ad
201 1239 304 1318 ipsum
326 1237 488 1318 pertineat,
511 1256 583 1298 nam
606 1256 670 1298 non
693 1239 733 1298 ad
756 1238 910 1311 maritum,
934 1247 1005 1298 tunc
1025 1237 1076 1297 ille
1093 1238 1146 1316 qui
1169 1257 1245 1298 earn·

138 1340 236 1402 habet
256 1360 404 1413 uxorem,
434 1346 564 1420 preueat
592 1348 821 1402 sacramentum
849 1360 917 1401 cum
946 1339 1102 1418 legitimos
1126 1358 1236 1400 sacra-

140 1443 290 1504 mentales
314 1461 389 1503 suos
412 1441 594 1513 duodicem,
628 1442 712 1520 quod
736 1443 775 1501 dc
804 1451 889 1503 certo
918 1442 1046 1502 domino
1076 1441 1234 1501 mundium

138 1544 236 1623 ipsius
258 1544 391 1617 fecisset,
415 1552 445 1605 et
466 1565 530 1605 non
552 1563 623 1614 eum
639 1543 727 1604 alteri
749 1562 806 1622 per
820 1544 922 1623 legem
937 1544 1090 1604 dimittere
1107 1543 1234 1616 debeat,

140 1646 166 1707 si
182 1644 243 1706 hoc
257 1646 374 1718 fecerit,
396 1645 514 1708 habeat
533 1654 564 1706 et
583 1646 713 1705 fruatur.
758 1643 839 1716 Quia
858 1645 1004 1706 iniustum
1020 1645 1143 1705 uidetur
1160 1663 1235 1714 esse,

140 1755 173 1808 ut
195 1755 259 1809 tam
281 1747 407 1832 grandis
430 1767 526 1810 causa
549 1749 605 1809 sub
627 1765 690 1807 uno
713 1754 802 1807 scuto
824 1766 881 1826 per
902 1766 1007 1826 pugna
1029 1747 1208 1807 dimittatur.

106 1886 115 1891 -
226 1851 296 1914 166.
339 1850 386 1909 De
415 1850 619 1929 suspitionem
647 1849 678 1909 in
700 1852 845 1910 maritum
873 1850 957 1928 quod
985 1868 1116 1909 onorem
1149 1866 1237 1908 suam

141 1949 307 2012 occidissit.
350 1951 382 2012 Si
404 1952 560 2032 suspectio
582 1949 689 2024 fuerit,
720 1951 804 2029 quod
834 1951 962 2011 maritus
991 1969 1122 2011 uxorem
1148 1969 1236 2011 suam

64 2120 68 2127 ,
141 2051 314 2123 3331115531,
335 2051 379 2113 113
395 2053 599 2125 decernimus,
622 2059 655 2111 ut
675 2051 819 2130 purificat
833 2071 867 2113 se
882 2057 1010 2113 maritus
1034 2071 1104 2112 cum
1125 2071 1237 2113 sacra-

142 2153 292 2215 mentales
316 2173 390 2216 suos
404 2153 570 2235 legitimos,
594 2155 678 2233 quod
694 2155 806 2215 mixtus
821 2155 853 2214 in
869 2161 969 2214 morto
989 2154 1085 2233 ipsius
1102 2153 1238 2214 mulieris

141 2275 205 2316 non
227 2255 344 2343 fuissit,
374 2275 432 2316 nec
460 2275 517 2335 per
543 2276 595 2328 se,
625 2275 683 2316 nec
704 2275 761 2334 per
783 2255 945 2335 subposita
972 2275 1124 2334 persona,
1147 2261 1179 2315 et
1201 2256 1240 2316 sit

143 2357 301 2420 exsolutus
315 2360 353 2419 ab
368 2357 430 2418 hoc
445 2358 571 2422 crimen.
597 2357 678 2430 Quia
692 2358 863 2429 absordum
879 2364 909 2417 et
921 2356 1103 2440 inpossibile
1118 2357 1242 2416 uidetur

144 2475 232 2532 esse,
246 2469 281 2520 ut
302 2460 371 2521 talis
395 2479 488 2520 causa
511 2463 568 2521 sub
584 2480 647 2520 uno
670 2455 756 2520 scuto
780 2477 837 2538 per
858 2477 994 2538 pugnam
1017 2458 1196 2524 dimittatur.

229 2563 298 2626 167.
341 2561 389 2620 De
410 2561 532 2632 1531535,
556 2560 658 2639 quiin
682 2580 788 2622 casam
804 2579 1000 2620 cummunem
1015 2567 1241 2624 remanserent.

143 2661 175 2722 Si
197 2662 310 2723 1531535
332 2668 405 2740 post
427 2668 560 2721 mortem
582 2663 679 2740 patris
700 2663 732 2723 in
753 2681 828 2725 casa
844 2681 1008 2723 commune
1022 2662 1243 2734 remanserint,

143 2772 174 2825 et
195 2784 273 2825 unus
297 2781 335 2822 cx
356 2762 433 2843 ipsis
454 2762 486 2822 in
514 2765 698 2843 obsequium
728 2765 816 2846 regis⁴
837 2773 890 2826 aut
914 2765 1022 2826 iudicis
1045 2764 1166 2842 aliquas
1188 2783 1240 2825 res

143 2865 363 2945 adquesiuerit,
385 2864 502 2924 habeat
523 2865 581 2926 sibi
604 2867 634 2926 in
658 2875 750 2927 antea
765 2868 883 2946 absque
898 2868 1076 2946 portionem
1090 2865 1244 2939 fratrum;

143 2975 175 3028 et
196 2966 354 3046 quitoras
376 2969 408 3026 13
438 2967 605 3043 exercitum
633 2968 741 3048 aliquit
768 2969 985 3048 adquisiuerit,
1014 2987 1179 3029 commune
1202 2968 1244 3028 sit

141 3069 289 3129 fratribus
309 3068 404 3147 ‚quod
435 3068 465 3128 in
496 3086 571 3129 casa
600 3089 765 3130 commune
794 3071 954 3132 dimiserit.
1005 3070 1091 3130 Etsi
1115 3071 1184 3151 quis
1209 3071 1241 3128 in

143 3168 362 3250 suprascriptis
385 3169 534 3232 iratribus
556 3172 731 3250 gairethinx
746 3172 862 3245 1333511,
884 3172 1001 3232 habeat
1023 3175 1053 3232 in
1076 3179 1169 3231 antea
1191 3172 1240 3229 cui

141 3272 258 3334 factum
280 3271 382 3335 luerit.
425 3272 464 3332 Et
486 3274 538 3351 qui
562 3293 600 3334 ex
622 3275 699 3353 ipsis
721 3293 853 3334 uxorem
876 3273 1008 3344 duxerit,
1031 3272 1122 3332 etde
1144 3273 1242 3335 rebus

143 3391 323 3434 communes
337 3379 420 3433 meta
438 3374 511 3434 data
526 3375 633 3450 133511;
649 3376 775 3455 quando
788 3374 876 3437 alteri
887 3375 968 3434 idem
982 3388 1113 3434 onorem
1130 3373 1242 3434 tollere

142 3474 322 3556 contegerit,
338 3481 392 3535 aut
409 3477 534 3553 quando
550 3478 590 3536 ad
610 3477 794 3539 diuisionem
810 3476 986 3537 faciendam
1000 3475 1130 3548 uenerit,
1147 3473 1240 3536 simili

142 3577 237 3637 modo
268 3575 306 3635 de
330 3593 477 3637 cumunes
499 3580 592 3640 rebus
613 3557 642 3639 ei
664 3578 847 3639 refundatur
872 3577 948 3638 aliut
969 3582 1105 3648 tantum,
1135 3594 1243 3654 quan-

140 3688 206 3740 tum
229 3679 326 3739 153135
353 3677 386 3735 13
413 3687 495 3740 mota
522 3681 615 3742 dedit.
664 3681 711 3740 De
732 3687 863 3759 paterna
893 3686 995 3739 autem
1024 3678 1075 3738 uel
1097 3683 1240 3737 materna

142 3779 315 3843 substantia
331 3778 415 3858 quod
441 3779 569 3841 relicum
591 3782 699 3855 fuerit,
728 3784 809 3842 inter
831 3800 865 3842 se
893 3779 1066 3859 aequaliter
1088 3779 1240 3842 diuidant.

227 3883 296 3947 168.
344 3880 391 3939 De
426 3881 693 3943 exhereditatione
721 3882 868 3946 filiorum.
930 3880 1009 3941 Nulli
1044 3880 1136 3938 liceat
1172 3881 1238 3940 sine

141 3991 242 4045 certas
273 3982 379 4062 culpas
433 3984 510 4044 lium
543 4005 634 4047 suum
662 3983 893 4055 exhereditare,
921 4001 979 4042 nec
1010 3982 1094 4061 quod
1127 3982 1154 4041 ei
1183 4000 1241 4060 per

140 4086 241 4167 legem
262 4086 401 4162 debetur,
425 4086 476 4148 alii
498 4086 651 4165 thingare.
1105 4165 1108 4172 Ι

226 4191 295 4254 169.
338 4188 386 4255 De
411 4189 508 4251 iustas
532 4187 650 4266 culpas.
703 4187 804 4250 lustas
832 4194 936 4250 autem
964 4186 1071 4265 culpas
1101 4184 1240 4244 exhere-
