2574 4710
99 335 159 399 180
180 396 184 405 f
387 331 513 393 LEGES
533 329 898 396 LANGOBARDORVM.

95 732 415 882 [rncnonn's
454 758 526 841 on
563 714 807 842 nnnvnns
841 759 952 842 orn
982 755 1175 842 nonro-

392 894 605 977 umnrs
639 890 878 1001 onorio]

100 1079 101 1082 Ὺ
142 1122 257 1208 nun
284 1134 596 1210 consummo
623 1134 821 1208 noevum
847 1133 908 1209 nr
935 1133 1134 1206 rncrvn.

176 1330 283 1413 Incipit
303 1341 427 1412 pactum
450 1334 534 1413 quod
557 1333 712 1396 constituit
727 1333 858 1394 domnus
875 1330 1006 1393 arechisi
1028 1330 1177 1412 gloriosus

93 1435 236 1516 princeps
259 1453 330 1495 cum
350 1434 445 1495 iudex
466 1429 749 1521 neapolitanorum,
780 1434 819 1494 de
841 1433 938 1511 seruis
961 1440 992 1494 et
1013 1432 1132 1495 ancillis
1153 1440 1179 1494 et

63 1537 69 1549 '
95 1538 134 1596 de
155 1535 244 1597 terris
266 1536 357 1596 etde
382 1535 517 1616 legurias
539 1545 570 1598 et
592 1537 630 1597 de
656 1535 876 1610 tertiatoribus,
899 1555 980 1616 quae
1003 1550 1177 1596 communes

96 1645 146 1700 est
166 1637 246 1698 inter
266 1644 372 1716 partes
396 1637 434 1721 [c.
458 1658 487 1702 a.
510 1637 594 1721 780].

180 1740 208 1804 1.
250 1737 285 1798 ln
315 1738 422 1817 primis
449 1739 489 1798 de
516 1737 640 1818 liguria,
677 1746 711 1799 ut
737 1750 884 1821 quantum
912 1737 1104 1819 neapolitani
1130 1756 1176 1818 per

96 1842 136 1905 20
158 1859 258 1902 annos
281 1840 497 1920 usquemodo
519 1840 551 1899 in
573 1840 761 1903 dominicatu
783 1849 955 1916 tenuerunt,
978 1859 1037 1912 nec
1059 1859 1172 1906 censum

95 1942 167 2002 inde
187 1941 219 2003 in
240 1948 345 2020 partes
365 1930 629 2022 langobardorum
650 1942 885 2022 persoluerunt,
908 1941 1058 2006 securiter
1078 1940 1172 2022 possi-

96 2046 199 2109 deant.
243 2042 385 2104 Similiter
415 2044 613 2124 langobardi,
643 2053 791 2124 quantum
818 2064 875 2125 per
896 2048 937 2111 20
959 2063 1059 2105 annos
1088 2061 1175 2124 usque

97 2146 192 2206 modo
215 2144 246 2204 in
275 2144 665 2219 dominicatutenuerunt,
694 2165 752 2217 nec
780 2165 905 2208 censum
926 2146 998 2207 inde
1019 2146 1052 2206 in
1081 2152 1176 2226 partes

96 2242 365 2335 neapolitanorum
385 2248 612 2333 persoluerunt,
634 2248 783 2310 securiter
804 2247 996 2329 possideant,

182 2351 212 2413 2.
253 2348 322 2410 Alia
348 2368 423 2411 uero
455 2349 559 2412 omnia
584 2350 735 2423 fundora,
764 2349 892 2412 lundata
913 2348 981 2411 siue
1002 2348 1177 2410 emundatas

97 2449 168 2523 sint,
189 2449 332 2512 homines
355 2457 386 2513 et
406 2460 516 2525 terras,
540 2451 719 2537 [iclquibus
735 2451 826 2513 solidi
841 2471 905 2512 non
920 2460 992 2514 sunt
1007 2450 1082 2525 dati,
1105 2448 1178 2510 dioi-

100 2551 201 2613 dimus
222 2571 279 2631 per
300 2552 445 2618 medium.

183 2655 214 2718 3.
257 2654 369 2715 Terras
392 2662 505 2730 autem,
526 2654 557 2715 in
580 2655 690 2735 quibus
711 2654 801 2717 solidi
816 2654 880 2716 deti
895 2662 974 2730 sunt,
995 2672 1053 2734 per
1073 2653 1180 2734 scripta

99 2753 259 2817 firmantes
281 2755 366 2835 ipsas
388 2763 489 2818 cartas
510 2756 590 2818 inter
610 2764 715 2836 partes
737 2775 795 2837 per
816 2753 1012 2820 sacramenta
1035 2752 1106 2816 cum
1127 2755 1179 2816 tri-

100 2857 158 2917 bus
178 2857 322 2935 personis
342 2857 424 2920 intus
447 2859 573 2920 domum
594 2849 694 2931 suam,
720 2858 746 2920 si
767 2857 957 2920 uoluerimus
978 2856 1064 2937 ipsas
1081 2865 1179 2919 terras

100 2943 180 3018 inter
194 2964 299 3037 partes
313 2958 508 3039 recolligere,
529 2959 687 3021 licentiam
697 2960 834 3022 habeant
853 2958 1041 3039 neapolitani
1055 2959 1181 3019 reddere

102 3059 183 3119 med.
206 3078 245 3120 ex
264 3059 324 3140 ipsi
345 3061 434 3123 solid.
458 3068 488 3122 et
513 3060 695 3142 langobardi
722 3061 869 3134 similiter,
892 3068 922 3122 et
944 3061 1083 3122 diuidere
1103 3061 1181 3140 ipsas

101 3168 208 3249 terras·
222 3180 280 3241 per
300 3162 506 3227 medietatem.
541 3162 593 3223 Sin
617 3170 728 3238 autem,
750 3143 926 3223 diuidantu'r
939 3162 971 3222 in
985 3169 1049 3224 tres
1063 3169 1182 3242 partes:

102 3282 197 3324 unam
218 3270 339 3343 partem
360 3264 469 3326 tollant
489 3265 687 3345 langobardi,
716 3263 809 3325 aliam
833 3262 1022 3343 neapolitani
1044 3274 1075 3326 et
1097 3263 1184 3325 aliam

104 3364 156 3444 qui
175 3364 261 3445 ipsos
283 3364 402 3449 solidos
424 3366 513 3428 datos
535 3365 666 3450 habent3
687 3364 834 3428 facientes
853 3365 1097 3446 interutrasque
1111 3384 1184 3446 par-

94 3458 149 3528 'tes
171 3466 265 3528 talem
286 3465 464 3529 firmatione
483 3467 515 3528 in
538 3455 672 3548 scriptis,
704 3475 777 3529 uta
804 3474 874 3528 tunc
900 3468 1049 3529 securiter
1074 3467 1185 3548 lango-

104 3568 192 3629 bardi
213 3568 335 3631 tertiam
356 3577 486 3651 partem,
509 3568 745 3649 etneapolitani
759 3569 890 3643 tertiam,
913 3577 943 3631 et
957 3569 1016 3650 ipsi
1034 3569 1184 3640 homines,

106 3669 157 3749 qui
183 3669 269 3749 ipsos
298 3670 416 3734 solidos
445 3669 556 3756 [datos]
583 3671 713 3746 habent,
741 3670 862 3732 tertiam
890 3678 1013 3751 partem
1042 3671 1186 3734 securiter

104 3770 295 3848 possideant.

190 3874 220 3936 4.
262 3873 301 3934 Et
322 3873 454 3935 fundora
476 3874 527 3936 uel
547 3883 656 3947 terras,
679 3874 730 3954 qui
751 3874 783 3935 in
800 3883 905 3954 partes
925 3873 1186 3955 langobardorum

105 3972 246 4035 uenerint
267 3973 297 4033 in
319 3985 449 4048 sortem,
477 3976 561 4037 nullo
584 3978 677 4037 modo
699 3976 757 4056 ipsi
786 3975 939 4048 homines,
968 3975 1020 4056 qui
1048 3973 1187 4036 habitant

106 4073 136 4133 in
165 4074 233 4153 ipsa
262 4075 410 4148 fundora,
441 4077 562 4156 possint
587 4076 767 4139 infiduciare
793 4079 843 4138 uel
868 4079 1018 4150 uendere,
1052 4083 1106 4137 aut
1132 4093 1187 4154 per

107 4177 320 4257 qualecunque
342 4186 553 4259 argumentum
576 4180 711 4241 alienare
732 4179 763 4240 in
788 4187 877 4258 parte
902 4177 1183 4257 neapolitanorum
