2574 4710
181 302 416 426 murratum
436 355 560 418 uncus
581 355 675 416 unm
696 353 781 418 xxa.
806 354 886 420 oar.
912 357 980 422 tac.
1010 358 1076 422 137.
1121 358 1180 423 139
1213 443 1215 449 y

90 551 194 614 tlunio
216 565 341 628 semper
361 550 444 605 stare
458 560 520 602 non
535 542 692 622 potnebat,
713 546 869 601 reuertere
888 548 989 602 autem
1013 540 1053 601 ad
1075 558 1180 603 casam

93 672 186 715 snam
208 651 292 712 nuda
314 645 506 709 erubiscibat
540 642 672 704 Proinde
686 643 857 717 statuimus,
880 641 931 722 qui
946 642 1039 704 talem
1059 641 1180 704 inlecita

96 749 363 834 presumptionem
391 748 511 819 lecerit,
543 752 697 825 conponat
725 743 825 804 eidem
849 742 978 816 femine,
1010 744 1059 804 cni
1085 747 1179 805 talem

96 855 229 917 inlecida
249 849 513 933 presumptionem
534 845 654 919 iecerit,
683 852 839 926 conponat
858 845 959 906 eidem
978 845 1109 923 femine,
1131 845 1180 908 cai

97 958 189 1020 talem
221 951 443 1035 turpitudinem
471 949 559 1021 iecit,
592 947 658 1028 ipse
682 946 827 1027 unirigild
858 966 957 1011 suom.
1015 946 1089 1008 ldeo
1117 947 1179 1009 hoc

97 1061 252 1130 dicemus,
279 1056 352 1136 quia
373 1053 398 1116 si
419 1050 578 1113 inuenissit
599 1069 669 1111 eum
691 1058 744 1111 aut
763 1049 859 1111 irater
883 1056 936 1111 aut
955 1049 1003 1110 nir
1025 1056 1078 1110 aut
1097 1068 1177 1128 pro-

95 1159 227 1239 pinquus
263 1157 400 1236 parentis
433 1154 571 1216 eiusdem
603 1151 751 1224 feminac,
789 1150 969 1214 scandalum
1003 1170 1072 1212 cum
1107 1170 1176 1212 enm

96 1261 258 1322 comittere
286 1258 410 1330 habuit,
443 1263 474 1317 ct
500 1254 552 1335 qui
581 1273 728 1333 superare
756 1253 910 1333 potuissit,
940 1273 1018 1315 unus
1046 1253 1177 1315 altarum

93 1361 269 1424 interficere
297 1359 415 1423 habuit.
451 1359 632 1436 Propterea
660 1354 767 1417 melius
793 1363 853 1428 est,
882 1362 915 1415 ut
941 1374 975 1416 se
1002 1355 1074 1417 uiuo
1097 1374 1176 1417 con-

95 1471 191 1544 ponat
213 1461 355 1542 uuirigild
378 1479 484 1531 suum,
513 1477 607 1538 quam
628 1459 667 1517 de
694 1464 816 1518 mortuo
845 1463 963 1519 crescat
987 1456 1071 1525 laida
1096 1456 1177 1519 inter

96 1565 240 1645 parentis,
262 1571 294 1625 et
315 1561 486 1643 conpositio
508 1559 617 1624 maior.

178 1670 249 1733 136.
272 1664 336 1730 Vll.
379 1663 455 1737 ltem
484 1660 695 1724 adnuntiatum
727 1668 774 1722 est
799 1659 903 1733 nobis,
935 1662 1019 1741 quod
1050 1662 1175 1742 quidam

92 1769 189 1830 lromo
212 1767 352 1829 habebat
370 1773 497 1844 poteum
517 1763 548 1824 in
571 1770 688 1824 curtem
709 1781 813 1834 suam,
842 1768 874 1824 et
899 1762 1068 1823 secundum
1096 1783 1175 1825 con-

89 1864 279 1933 suitndinem
299 1868 386 1929 furca
407 1874 439 1928 et
458 1865 596 1927 tolenum
617 1864 657 1925 ad
679 1863 861 1925 auricudum
882 1883 1005 1944 aquam,
1041 1867 1174 1930 Veniens

91 1980 198 2034 autem
220 1969 298 2031 alter
318 1970 414 2030 homo
437 1968 520 2030 stetit
541 1967 597 2028 sub
619 1966 720 2044 ipsum
741 1965 903 2040 tolenum3‘
928 1976 1048 2028 etcum
1071 1979 1174 2030 autem

92 2071 223 2134 uenissit
244 2064 370 2152 quidam
392 2069 432 2130 ad
458 2068 638 2130 auriendam
660 2086 773 2147 aquam
795 2068 834 2127 de
854 2067 958 2146 ipsum
977 2078 1121 2148 pomum,
1145 2080 1175 2133 et

93 2175 215 2235 incante
234 2174 337 2253 ipsum
358 2170 494 2232 telenum
516 2169 689 2240 dimisissit‚
718 2168 802 2229 uenit
822 2189 915 2249 super
936 2189 1020 2244 eum,
1043 2172 1095 2253 qui
1116 2175 1174 2234 sub

93 2275 162 2354 ipso
184 2278 303 2347 stabat,
326 2282 358 2335 et
378 2280 519 2334 mortuos
542 2278 597 2336 est.
634 2271 710 2332 Cum
732 2277 836 2332 autem
857 2271 1174 2351 requisitio'einsdem

99 2376 205 2439 mortni
227 2376 332 2449 fuerit,
355 2375 422 2455 quis
437 2394 510 2434 eum
525 2373 643 2435 deberit
657 2391 847 2453 conponere,
871 2380 901 2434 et
920 2373 1010 2436 nobis
1031 2373 1174 2435 rellatum

98 2476 204 2541 tuan:
234 2479 278 2539 ita
299 2479 390 2539 nobis
414 2483 444 2536 et
465 2476 579 2537 nostris
600 2474 749 2537 iudicibus
771 2482 889 2536 rectum
909 2475 1012 2553 paruit
1032 2494 1118 2549 esse,
1139 2485 1174 2540 ut

96 2580 158 2659 ipse
178 2580 276 2641 homo
300 2577 351 2660 qui
378 2577 421 2638 ibi
449 2585 588 2641 mortuos
611 2586 673 2650 est,
700 2577 773 2658 quia
800 2596 862 2638 non
890 2578 947 2638 fuit
976 2577 1090 2640 animal
1116 2580 1173 2641 sed

95 2699 216 2744 sensum
245 2681 428 2742 rationalem
455 2680 576 2758 habuit,
600 2680 677 2742 sicut
701 2680 798 2741 homo
826 2680 909 2741 debit
935 2680 1067 2754 habere,
1092 2701 1172 2761 pro-

96 2782 210 2861 spicere
232 2782 337 2843 debuit
356 2782 387 2842 in
409 2783 531 2862 qualem
558 2784 658 2844 locum
680 2800 851 2861 seponere
873 2783 912 2843 ad
934 2784 1091 2856 standum,
1121 2791 1175 2846 aut

99 2883 216 2961 qualem
242 2885 363 2964 pondus
390 2902 483 2964 super
511 2905 544 2947 se
570 2885 716 2949 habebat.
750 2883 843 2945 'ldeo
871 2884 984 2963 repetit
1012 2885 1068 2947 sibi
1096 2887 1172 2948 duas

49 2990 52 3005 '
101 2985 187 3060 partis
216 2985 308 3065 pretii
342 2986 380 3045 de
416 2985 660 3066 conpositionem
689 3005 795 3062 suam,
829 2991 859 3046 et
891 2986 1012 3047 tertiam
1042 2993 1172 3065 partem,

102 3095 240 3162 quantum
269 3087 336 3166 ipse
367 3088 537 3148 secundum
568 3086 658 3148 edicti
686 3087 818 3148 tinorem
849 3087 1038 3168 adpretiatus
1064 3089 1171 3164 inerit,

64 3270 67 3277 Ι
103 3196 248 3268 conponat
267 3188 319 3249 ille
340 3189 392 3268 qui
412 3189 512 3268 ipsam
534 3208 647 3269 aquam
669 3188 790 3250 incaute
810 3189 964 3261 auriebat,
987 3198 1017 3251 et
1037 3190 1081 3252 dit
1102 3209 1172 3252 cam

67 3372 70 3379 Ι
105 3281 162 3350 filiis
183 3298 238 3351 aut
259 3290 298 3351 ad
320 3291 484 3372 propinqui
505 3292 657 3371 parentis,
680 3291 732 3371 qui
753 3290 781 3352 ei
801 3290 925 3352 heredis
948 3291 1118 3364 exhistunt‚
1141 3301 1172 3354 et

105 3383 136 3445 sit
146 3407 268 3453 cansam
285 3390 372 3454 finita
387 3395 506 3472 absque
528 3412 653 3454 omnem
672 3393 756 3455 laida
777 3392 828 3453 uel
842 3392 948 3465 dolus,
970 3394 1042 3474 quia
1056 3395 1170 3455 nolen-

104 3482 164 3550 dum
183 3492 299 3553 iactum
320 3502 376 3559 est.
419 3494 473 3555 llle
495 3505 613 3573 antem,
636 3495 720 3558 cuius
740 3495 808 3575 ipse
824 3503 948 3575 poteum
961 3497 1031 3569 fnit,
1053 3497 1170 3559 nullam

103 3579 204 3654 haheat
230 3595 395 3671 calomnia,
429 3596 501 3677 quia
528 3597 556 3658 ei
582 3597 607 3659 si
634 3596 819 3659 calomniam
845 3597 1026 3678 ingerimus,
1058 3606 1170 3679 postea

101 3688 188 3757 ltullus
210 3697 357 3775 permittit
378 3697 418 3758 de
447 3705 541 3777 poteo
569 3718 634 3773 sup
656 3718 738 3780 aqua
765 3698 887 3771 leuare,
915 3707 946 3761 et
966 3701 1038 3780 quia
1060 3720 1168 3764 omnes

98 3778 230 3859 laneus
263 3801 373 3878 potens
408 3799 526 3860 habere
557 3810 635 3862 non'
654 3808 798 3882 possunt,
836 3800 978 3881 reliquis,
1016 3801 1067 3882 qui
1098 3810 1170 3865 sunt

95 3897 246 3975 pauperis,
265 3901 446 3975 moriuntur,
462 3910 493 3964 et
507 3903 599 3966 etiam
612 3904 757 3966 iterantes
772 3904 987 3966 necessitatem
1002 3904 1168 3985 patiuntur.

173 4001 240 4066 tat.
262 3999 339 4066 vlll.
382 4002 459 4065 ltem
478 4005 630 4085 perlatum
645 4015 692 4068 est
705 4005 811 4078 nobis,
834 4007 916 4086 quod
933 4005 1056 4087 quidam
1072 4005 1168 4068 homo

49 4098 51 4105 '
94 4097 289 4164 tremenssit
309 4102 477 4166 iumentum
505 4128 595 4170 suum
624 4107 711 4169 alteri
732 4107 859 4169 homeni
881 4108 920 4170 ad
942 4107 1107 4179 uicturam,
1136 4117 1168 4170 et

94 4192 225 4267 l⁰llcnus
246 4202 414 4270 indomitus
429 4218 552 4274 secutus
573 4209 673 4273 fuissit
685 4209 788 4289 ipsam
808 4217 938 4273 matrem
960 4229 1058 4277 suam.
1086 4210 1167 4270 Dum
