2574 4710
97 338 138 402 44
316 331 482 398 EDICTVS
504 331 681 424 ROTHARl
703 332 785 395 CAP.
807 335 984 400 209-216.

1 555 8 568 x
99 519 267 592 uindicare,
297 527 455 600 conponat
476 520 529 600 qui
551 519 743 594 antesteterit
772 518 891 581 solidos
915 517 1041 599 uigenti,
1072 518 1196 580 medie-

99 630 195 686 tatem
217 622 282 704 regi
303 631 335 685 et
352 623 557 684 'medietatem
580 621 627 682 cui
649 621 760 683 ancilla
782 621 885 687 fuerit.

182 726 254 791 210.
297 724 343 785 Ile
373 732 463 804 rapto
494 724 546 805 qui
571 724 602 785 in
631 731 749 784 curtem
776 722 859 803 regis
890 711 1021 786 duxerit.
1071 722 1105 782 Si
1127 723 1195 803 quis

98 827 238 907 rapuerit
268 826 407 888 haldiam
436 835 490 899 aut
522 826 664 888 ancillam
697 825 831 886 alienam
860 831 892 885 et
921 825 953 886 in
988 823 1083 885 curtis
1113 824 1194 904 regis

99 929 235 1006 duxerit,
265 936 295 991 01
323 947 457 1009 sequens
481 929 624 991 dominus
656 935 709 988 aut
730 926 915 1007 quicumque
944 945 982 988 er
1009 924 1117 986 amicis
1143 933 1193 985 aut

99 1032 213 1094 seruis:
243 1040 274 1093 01
295 1030 463 1112 gastaldius
487 1038 539 1092 aut
560 1037 646 1092 actor
668 1029 749 1109 regis
772 1028 977 1099 autestcterit,
1007 1045 1066 1107 pro
1090 1023 1192 1086 haldia

99 1133 138 1193 de
160 1133 222 1195 suis
244 1132 380 1212 propriis
402 1134 496 1194 rebus
512 1140 669 1213 conponat
689 1131 741 1204 illi,
763 1133 848 1191 cuius
870 1129 976 1191 haldia
998 1127 1194 1198 1101111011-

99 1234 157 1295 dos
181 1235 403 1314 quadragenta,
426 1253 485 1314 pro
508 1234 617 1295 ancilla
640 1234 758 1296 solidos
781 1233 905 1313 uigenti.

182 1338 254 1401 211.
299 1335 330 1396 Si
353 1335 420 1416 quis
443 1355 573 1397 uxorem
589 1335 715 1397 alterius
730 1333 843 1399 tulerit.
877 1334 908 1396 si
922 1333 1000 1394 liber
1016 1342 1070 1395 aut
1086 1353 1192 1397 seruus

98 1454 229 1496 uxorem
252 1436 377 1499 alterius
399 1437 517 1512 tulerit,
541 1457 673 1517 eamque
690 1437 747 1500 sibi
768 1437 800 1497 in
822 1436 997 1516 coniugium
1020 1436 1190 1510 sociauerit,

99 1539 192 1598 ambo
215 1537 404 1613 occidantur,
427 1539 453 1600 si
475 1547 580 1600 tamen
602 1541 696 1601 ambo
718 1537 941 1600 consenserint.

182 1642 252 1705 212.
297 1639 329 1703 Si
363 1641 430 1720 quis
464 1660 533 1701 cum
564 1659 694 1703 uxorem
735 1660 824 1702 suam
860 1641 951 1702 alium
987 1642 1194 1703 fornicantem

96 1739 257 1804 inuenerit.
312 1741 344 1801 Si
378 1741 445 1822 quis
479 1761 548 1802 cum
584 1761 714 1804 uxorem
744 1762 833 1804 suam
866 1742 958 1803 alium
987 1743 1193 1804 fornicantem

97 1841 257 1915 inuenerit,
279 1841 409 1903 liberum
431 1851 484 1904 aut
498 1863 633 1916 seruum,
655 1851 842 1924 potestatem
864 1845 981 1906 habeat
1002 1863 1058 1906 001
1083 1846 1195 1906 ambos

97 1943 272 2020 occidend13
296 1944 373 2007 etsi
396 1964 451 2007 001
474 1945 629 2019 occiderit,
651 1965 715 2007 non
736 1946 941 2025 requirantur.

180 2047 252 2111 213.
295 2046 342 2106 De
364 2046 479 2108 crimen
502 2047 653 2113 adulterii.
684 2048 717 2109 Si
739 2047 806 2127 quis
830 2046 880 2108 alii
902 2048 941 2107 de
956 2067 1089 2108 uxorem
1105 2067 1195 2109 suam

97 2146 212 2207 crimen
235 2147 362 2221 miserit,
386 2151 555 2229 quodcum
578 2169 615 2211 ea
637 2149 823 2224 fornicassit,
845 2148 937 2210 liceat
956 2147 985 2208 ei
1007 2149 1055 2209 cui
1078 2149 1196 2209 crimen

96 2248 232 2323 mittitur,
256 2256 309 2310 aut
329 2268 387 2330 per
408 2263 636 2313 sacramentum
666 2260 719 2312 aut
745 2269 802 2330 per
829 2249 1015 2311 camfionem
1046 2270 1081 2312 10
1103 2250 1200 2329 puri-

96 2349 210 2422 ficare;
234 2359 264 2412 01
279 2351 305 2413 11
320 2355 487 2431 probatum
502 2353 602 2426 luerit,
625 2354 748 2414 animae
770 2371 845 2416 suae
860 2352 997 2412 incurrat
1011 2352 1198 2431 periculum.

180 2455 251 2519 214.
296 2453 328 2514 Si
350 2454 417 2534 quis
439 2454 568 2516 liberam
584 2454 719 2534 puellam
743 2457 861 2534 absque
877 2454 1005 2516 consilio
1028 2462 1198 2533 parentum

98 2561 150 2615 aut
175 2555 336 2616 uoluntate
363 2556 484 2617 duxerit
504 2574 648 2629 uxorem,
679 2563 850 2636 conponat,
873 2563 906 2616 ut
927 2575 1036 2635 supra,
1060 2555 1197 2636 anagrift

97 2656 215 2719 solidos
237 2657 301 2716 XX
323 2663 353 2716 et
374 2665 502 2736 propter
523 2656 608 2718 faida
631 2657 708 2719 alios
730 2657 853 2738 uigenti.
882 2659 928 2717 De
944 2657 1071 2717 mundio
1088 2666 1194 2719 autem

97 2757 228 2838 qualiter
255 2757 448 2830 conuenerit,
477 2765 508 2818 01
527 2758 578 2818 lex
604 2758 715 2834 habet;
743 2759 786 2821 sic
813 2768 916 2820 tamen
939 2759 965 2821 si
987 2761 1081 2819 ambo
1103 2759 1199 2821 liberi

96 2866 176 2924 sunt.

179 2963 251 3027 215.
293 2961 340 3021 De
363 2970 513 3042 sponsata
535 2945 667 3026 mortua.
712 2962 743 3024 si
759 2962 825 3043 quis
841 2963 975 3042 puellam
997 2970 1050 3024 aut
1064 2962 1193 3024 uiduam

96 3070 278 3146 sponsatam
299 3062 453 3136 habuerit,
476 3071 506 3123 et
527 3063 689 3144 contigerit
710 3083 800 3126 casus
822 3072 855 3125 ut
868 3064 937 3143 ipsa
953 3072 1024 3125 ante
1041 3064 1200 3125 moriatur

97 3186 191 3247 quam
220 3186 238 3229 a
266 3174 371 3246 patre,
407 3171 460 3225 aut
492 3165 543 3244 qui
576 3165 736 3226 mundium
768 3166 833 3227 eius
865 3172 1051 3245 potestatem
1084 3165 1197 3238 habet,

30 3265 33 3272 ’
95 3268 208 3330 tradita
229 3267 335 3329 fuerit:
365 3275 438 3328 tunc
459 3274 557 3339 meta,
581 3286 661 3347 quae
684 3268 757 3328 data
783 3267 884 3327 fuerat
911 3269 949 3326 ab
978 3266 1031 3327 illo
1060 3286 1196 3346 sponso,

94 3371 243 3431 reddatur
264 3370 302 3442 ei,
324 3376 442 3430 tantum
465 3376 613 3448 quantum
635 3370 665 3429 in
687 3369 756 3449 ipsa
778 3375 862 3429 meta
882 3367 974 3436 dedit.
1016 3369 1096 3428 Nam
1113 3369 1196 3431 alias-

95 3490 145 3532 res
166 3470 245 3533 illius
269 3471 337 3549 sint,
361 3469 413 3550 qui
435 3470 593 3530 mundium
615 3471 680 3532 eius
702 3470 733 3530 in
755 3476 942 3549 potestatem
963 3469 1081 3530 habere
1097 3470 1194 3530 uidc-
1232 3539 1236 3547 ,

94 3581 152 3645 tur,
176 3590 213 3632 00
238 3572 320 3652 quod
343 3579 415 3633 ante
437 3573 634 3633 traditionem
657 3578 858 3633 mortuaest.

178 3676 249 3739 216.
271 3677 275 3685 ’
294 3673 324 3736 si
346 3673 468 3736 haldius
483 3694 613 3763 uxorem
635 3673 734 3735 libera
755 3672 865 3737 tulerit.
896 3672 927 3732 si
942 3671 1065 3733 haldius
1082 3673 1194 3735 cuius--

95 3794 226 3860 cumque
251 3775 350 3836 libera
376 3795 507 3837 uxorem
529 3775 646 3848 tulerit,
674 3774 704 3834 id
728 3783 775 3836 cst
795 3774 938 3845 fulcfrea,
969 3782 1000 3834 et
1029 3772 1188 3833 mundium

94 3877 133 3937 de
156 3896 193 3938 ea
214 3877 330 3950 fecerit,
351 3885 524 3957 posteaque
545 3875 627 3938 filios
648 3875 769 3937 habens
785 3875 912 3954 maritus
929 3881 1068 3934 mortuos
1084 3874 1187 3934 fuerit:

94 3978 119 4040 si
141 3979 251 4039 mulier
271 3979 302 4038 in
324 3979 393 4058 ipsa
416 3998 488 4040 casa
510 3978 642 4039 noluerit
667 3996 865 4058 permanere,
897 3984 926 4036 et
948 3983 1094 4055 parentes
1118 3994 1186 4035 eam

93 4080 132 4142 ad
161 4100 196 4142 10
224 4081 413 4160 recollegere
445 4080 614 4152 uoluerint,
647 4079 780 4139 reddant
811 4078 980 4157 praetium,
1011 4077 1096 4155 quod
1129 4095 1187 4156 pro

93 4182 250 4242 mundium
276 4182 373 4261 ipsius
401 4181 537 4243 mulieris
559 4182 665 4242 datum
694 4188 741 4242 est
761 4180 834 4253 illis,
866 4179 951 4240 cuins
977 4179 1099 4240 haldius
1123 4178 1194 4238 suit„
