2574 4710
304 355 472 419 EDICTVS
492 354 670 419 ROTHARl
693 356 775 421 CAP.
798 358 975 422 224-228.
1154 359 1195 422 47

108 560 162 601 non
180 541 222 602 illi
237 541 282 603 dit
297 549 446 623 quattuor
466 541 543 606 nias.
573 541 660 603 Haec
682 548 753 603 sunt
775 549 920 622 quattuor
941 561 1056 623 genera
1078 561 1195 604 manu-

111 643 288 709 missionum.
351 645 470 704 Tamen
501 662 631 705 necesse
669 650 717 706 est
752 652 882 723 propter
918 643 1012 705 futuri
1043 645 1193 724 temporis

112 746 289 818 memoriam,
311 752 346 807 ut
367 745 499 826 qualiter
519 745 651 807 liberum
673 752 727 807 aut
748 744 878 807 liberam
901 746 1096 827 thingauerit,
1125 747 1193 826 ipsa

114 848 296 910 manumissio
318 848 350 908 in
372 848 525 911 cartolam
546 847 695 909 libertatis
719 859 992 913 commemoretur.
1024 848 1104 910 Etsi
1120 868 1195 910 car-

115 949 192 1012 tolam
211 970 281 1013 non.
298 950 415 1025 lecerit,
437 958 542 1013 tamen
564 949 689 1012 libertas
713 951 741 1010 ei
763 958 954 1028 permaneat.

178 1057 248 1118 225.
291 1053 339 1113 De
360 1052 441 1115 filiius
464 1051 591 1117 libertis.
636 1051 668 1111 Si
690 1051 834 1124 libertus,
863 1042 915 1130 qui
943 1052 1072 1112 fulciree
1092 1052 1193 1114 factus

116 1162 157 1225 cst,
174 1154 253 1217 iilius
282 1154 483 1235 dereliquerit
502 1154 690 1235 legetembs,
714 1153 776 1215 sint
795 1153 839 1214 illi
867 1152 1019 1229 heredes;
1054 1153 1079 1215 si
1101 1153 1192 1226 filias,

115 1251 231 1320 babeant
252 1256 354 1337 legem
382 1276 470 1318 suam
502 1255 583 1340 [cop.
609 1257 678 1320 154.
704 1256 899 1321 158...160.
925 1255 1014 1340 lll];
1044 1256 1070 1317 si
1096 1262 1192 1316 natu-

114 1356 186 1432 mles,
206 1350 346 1420 babeant
369 1367 400 1419 et
419 1357 479 1437 ipsi
500 1357 602 1437 legem
624 1376 723 1422 suam.
766 1356 805 1418 Et
827 1357 853 1418 si
876 1376 949 1419 casn
971 1357 1103 1418 faciente
1126 1356 1193 1419 sine

114 1452 224 1521 heredes
248 1467 390 1521 mortuus
413 1458 515 1531 fuerit,
538 1465 568 1519 et
591 1468 683 1521 antea
704 1458 887 1520 indicauerit
909 1478 944 1520 se
959 1459 1032 1521 uiuo
1048 1479 1098 1522 res
1117 1480 1191 1522 snas

114 1560 245 1640 proprias,
267 1562 300 1622 id
316 1567 365 1623 est
379 1561 620 1640 ande-geuuere
635 1569 666 1623 et
681 1560 885 1642 ari-genuere
906 1563 1075 1623 secundum
1090 1561 1192 1643 legem

113 1656 368 1743 langobardorum,
390 1661 507 1722 habeat
529 1663 576 1722 cui
599 1662 773 1729 donauerit.
809 1663 887 1723 Nam
911 1672 1060 1742 quantum
1083 1665 1122 1725 de
1140 1685 1191 1726 res

110 1760 284 1826 benefactori
307 1785 365 1826 suo
387 1783 445 1844 per
468 1764 585 1824 donum
606 1764 731 1838 habuit,
760 1766 786 1827 si
809 1784 862 1827 eas
889 1784 952 1826 non
983 1766 1140 1848 oblegauit
1160 1768 1191 1827 iu

108 1860 283 1940 libertatem,
306 1867 347 1927 ad
368 1866 471 1945 ipsum
492 1874 660 1944 patronum
682 1877 736 1929 aut
759 1868 798 1928 ad
826 1866 959 1929 heredes
988 1868 1053 1930 eius
1078 1887 1192 1929 reuer-

107 1975 204 2030 antur.
266 1968 306 2030 Et
336 1968 362 2028 si
391 1966 515 2048 alequid
544 1967 576 2028 in
610 1968 751 2047 gasindio
780 1969 880 2039 ducis.
915 1979 969 2031 aut
997 1970 1191 2048 priuatorum

53 2084 56 2091 '
103 2065 253 2131 bominum
268 2069 464 2149 obsequium,
488 2069 605 2130 donum
621 2088 732 2130 munus
750 2070 944 2149 conquisiuit,
966 2090 1017 2134 res
1034 2073 1074 2133 ad
1086 2073 1192 2134 dona-

102 2179 160 2232 tore
181 2179 391 2236 reuertentur.
434 2171 519 2233 Alias
542 2190 620 2232 uero
643 2190 708 2243 res,
731 2171 757 2232 si
779 2180 813 2232 ut
835 2171 949 2231 dictum
972 2181 1033 2250 est,
1056 2174 1190 2238 heredes

100 2292 154 2333 non
179 2273 416 2352 derelinquerit,
450 2281 504 2333 aut
539 2292 573 2334 se
609 2273 683 2332 uiuo
711 2292 774 2333 non
803 2272 1006 2348 indicauerit,
1039 2284 1190 2352 patronus

102 2376 237 2438 succedat
259 2375 339 2437 sicut
359 2375 482 2454 parenti
504 2394 572 2438 suo.

173 2477 246 2542 226.
292 2475 409 2537 Omnes
425 2475 528 2536 liberti
544 2475 595 2554 qni
611 2494 631 2536 a
646 2475 778 2536 dominis
794 2476 857 2537 suis
876 2476 1076 2556 langobardis
1091 2478 1191 2540 liber-

96 2585 186 2640 tatem
207 2577 390 2649 meruerint,
419 2577 538 2657 legibus
568 2578 767 2638 dominorum
793 2585 824 2638 et
853 2579 1102 2643 benefacturibus
1126 2582 1190 2644 suis

94 2680 197 2741 uiuere
219 2681 368 2753 debeant,
399 2681 571 2743 secundnm
599 2678 731 2760 qualiter
759 2697 777 2739 a
800 2680 932 2742 dominis
961 2680 1024 2743 suis
1054 2684 1190 2763 propriis

93 2782 129 2844 eis
153 2801 339 2845 consessum
360 2782 461 2847 luerit.
485 2781 490 2789 ’

171 2888 245 2950 227.
289 2885 336 2943 De
358 2883 566 2963 emptionibus
589 2890 620 2943 et
641 2882 872 2947 uinditionibus.
922 2883 953 2944 Si
976 2884 1044 2964 quis
1068 2904 1190 2967 conpa-

92 2987 205 3049 rauen't
227 2994 361 3060 terram,
394 2985 496 3046 idest
523 2983 625 3045 solum
652 2985 691 3046 ad
722 2984 969 3059 aedificandum,
1003 2996 1057 3048 ant
1083 3007 1189 3051 casam

65 3093 68 3099 ⁴
92 3087 286 3168 mancipiata,
299 3097 329 3148 et
345 3087 482 3166 quinque
497 3105 596 3147 annos
612 3086 692 3146 inter
707 3095 887 3165 praesentes
903 3105 1056 3166 personas
1072 3108 1189 3167 posse-

93 3190 182 3263 derit,
212 3197 387 3268 posteaque
417 3188 484 3267 ipse
511 3187 647 3248 uinditor
669 3195 722 3247 aut
751 3186 884 3249 heredes
911 3188 977 3251 eius
1005 3189 1187 3267 pulsauerit,

93 3291 222 3352 dicemlo
251 3290 336 3370 quod
358 3290 588 3368 praestetisset,
615 3307 690 3349 nam
718 3307 781 3349 non
810 3288 1014 3350 uindedisset:
1043 3290 1189 3352 ostendat

90 3389 209 3454 libellus
233 3391 364 3470 scriptus
379 3392 432 3452 ubi
454 3400 581 3472 rogatus
603 3389 711 3451 fuisset
733 3388 923 3467 praestandi.
958 3389 997 3451 Et
1018 3389 1044 3450 si
1066 3389 1188 3452 libellds

91 3512 151 3553 non
172 3492 329 3570 habuerit,
350 3493 427 3553 nihil
449 3493 532 3554 aliud
554 3492 647 3553 saciat
669 3501 801 3570 emptor,
823 3489 882 3551 nisi
903 3491 1055 3568 praebeat
1076 3510 1188 3553 sacra-

91 3604 227 3656 mentum
248 3595 420 3660 secuudum
435 3595 616 3675 qualitatem
630 3593 780 3673 pecuniae
803 3592 884 3677 [cap.
907 3593 978 3655 359.
994 3590 1079 3676 365],
1102 3594 1186 3673 quod

92 3714 159 3756 cum
180 3696 337 3776 praetium
359 3716 451 3759 suum
465 3716 534 3757 rem
554 3697 656 3776 ipsam
672 3692 876 3774 comparassit,
899 3711 957 3751 nec
972 3691 1059 3754 alteri
1075 3694 1189 3754 debeat

91 3815 144 3874 per
165 3797 267 3878 legem
290 3798 452 3862 dimittere.
487 3798 572 3858 Tunc
586 3798 677 3859 liceat
692 3815 764 3856 eum
779 3795 908 3856 firmiter
923 3795 1086 3874 possidere
1101 3796 1186 3875 quod

92 3898 148 3960 sibi
169 3900 364 3978 conparauit.

172 4001 244 4064 228.
287 4000 335 4061 De
356 4002 568 4080 possessione.
620 4000 650 4061 Si
674 4000 742 4081 quis
769 3999 863 4060 alium
886 3999 925 4059 de
950 4016 1016 4059 rem
1039 3998 1186 4059 mobilem

93 4108 143 4161 aut
167 4101 350 4163 inmobilem
383 4103 555 4182 pulsauerit
576 4103 662 4183 quod
692 4101 775 4163 malo
801 4100 910 4162 ordine
938 4101 1123 4180 possedeat,
1156 4107 1187 4160 et

93 4220 257 4279 possessor
286 4205 460 4286 negauerit:
493 4206 535 4267 ita
563 4204 797 4284 prospeximus,
831 4202 914 4283 qnod
942 4202 967 4263 si
998 4221 1055 4280 per
1083 4205 1186 4263 amnes
