2574 4710
89 349 92 354 ’
172 354 232 419 188
453 352 575 414 LEGES
597 351 962 419 LANGOBARDORVM.

170 536 300 599 caeteris
322 535 454 599 castellis
472 537 527 598 uel
548 537 623 600 locis
644 538 676 597 in
699 537 809 618 quibus
832 536 1003 599 dominium
1025 537 1148 612 tenetis,
1175 545 1248 602 terra

170 639 311 719 marique
332 657 441 719 pacem
461 658 569 700 ueram
584 649 615 702 et
636 638 768 719 gratiam
789 647 930 702 nostram
952 638 1042 702 uobis
1065 641 1196 713 daturos
1216 645 1247 704 ab

81 780 87 793 ·
169 741 229 802 hac
251 748 360 821 quarta
384 741 433 801 die
455 742 568 804 mensis
589 726 653 802 tilii
673 741 827 802 indicione
851 743 899 806 14.
920 740 1066 804 uidelicet
1088 743 1129 804 ad
1160 762 1248 807 annos

170 828 312 923 quinque
327 843 475 923 expletos.
508 843 594 904 Unde
614 863 672 924 pro
696 842 860 906 stabilitate
881 839 1100 924 promissionis
1121 852 1248 918 nostrae,

169 951 203 1007 ut
222 945 312 1006 nobis
335 945 401 1007 sine
423 945 525 1026 aliqua
548 945 738 1007 dubitatione
760 947 886 1007 credere
907 945 1034 1026 possitis
1050 946 1128 1007 etin
1151 954 1248 1008 nostra

169 1046 336 1108 concordia
357 1046 475 1109 firmius
494 1066 690 1128 permanere,
714 1048 752 1107 tle
773 1046 839 1110 istis
862 1047 1000 1127 capitulis
1018 1047 1166 1110 omnibus
1182 1050 1247 1109 sub-

168 1148 288 1229 scriptis
311 1148 350 1207 de
371 1143 527 1227 praesenti
547 1149 662 1211 iudices
685 1157 824 1222 nostros,
854 1149 905 1229 qui
928 1151 1034 1211 subter
1055 1149 1161 1226 notati
1181 1157 1246 1223 sunl,

168 1251 275 1330 quales
290 1248 380 1311 nobis
397 1249 569 1329 quaesistis,
591 1249 694 1312 iurare
709 1250 836 1313 fecimus
851 1270 907 1330 per
921 1257 1063 1312 nostram
1078 1250 1246 1324 iussionem,

168 1353 319 1432 quatenus
341 1351 367 1413 si
389 1359 518 1432 aparte
540 1358 643 1414 uestra
665 1353 822 1427 remissio,
851 1372 944 1433 quam
965 1354 1056 1415 nobis
1084 1353 1246 1415 uoluntarie

166 1453 291 1526 fecistis,
313 1454 344 1513 in
365 1455 507 1516 omnibus
521 1452 613 1516 fuerit
632 1455 807 1534 adimpleta,
829 1455 918 1527 haer,
940 1472 1020 1535 quae
1035 1473 1054 1514 a
1071 1451 1165 1514 nobis
1179 1454 1241 1533 parti

167 1563 291 1616 uestrae
312 1555 468 1634 promissa
483 1563 514 1616 et
528 1555 641 1636 scripta
657 1562 735 1630 sunt,
757 1556 942 1635 impleantur
956 1565 1019 1618 tam
1035 1554 1142 1628 uobis,
1166 1574 1241 1635 quan

167 1658 309 1718 omnibus
333 1657 504 1719 ciuitatibus
527 1651 576 1717 uel
598 1665 739 1719 surrento
756 1667 791 1720 et>
808 1657 913 1720 amalfi
928 1665 959 1719 et
973 1657 1106 1719 caeteris
1124 1657 1239 1719 castellis

166 1759 255 1821 uobis
277 1759 419 1821 subiectis
441 1767 524 1820 terra
545 1760 699 1839 marique;
723 1767 753 1820 et
774 1760 888 1821 nullam
903 1760 1086 1831 laesionem,
1109 1759 1238 1839 nequeiu

165 1861 341 1924 hominibus
363 1862 474 1924 uestris
494 1881 552 1921 nec
572 1862 603 1922 in
625 1865 717 1924 rebus
740 1881 848 1922 eorum
871 1881 889 1922 a
910 1861 999 1923 nobis
1014 1860 1067 1922 uel
1083 1863 1124 1922 ab
1141 1859 1235 1940 hisqui

166 1963 326 2025 uobiscum
348 1971 420 2027 sunt
440 1963 494 2024 uel
511 1963 631 2036 fuerint,
653 1966 890 2044 generabuntur,
917 1982 1019 2043 neque
1038 1982 1098 2042 per
1122 1963 1235 2023 exercila

166 2074 220 2127 aut
241 2084 356 2141 cursas,
377 2085 479 2146 neque
500 2085 557 2146 per
579 2085 778 2138 scammeras,
803 2083 859 2124 nee
879 2084 936 2145 per
956 2064 1141 2138 traditieios,
1163 2064 1237 2145 quia

165 2167 303 2246 partibus
325 2169 435 2230 uestris
457 2167 617 2229 nobiscum
640 2175 710 2229 sunt
731 2167 781 2228 uel
801 2167 929 2238 fuerint,
958 2166 1049 2228 nobis
1077 2166 1236 2228 uolentibus

166 2278 218 2330 aut
240 2270 514 2342 consentientibus,
537 2277 589 2330 aut
609 2288 665 2348 per
686 2278 826 2331 nostram
848 2268 1037 2329 uoluntatem
1060 2277 1170 2331 contra
1191 2287 1235 2330 uos

166 2372 357 2434 summissos.
400 2372 484 2433 Etsi
508 2370 697 2450 contingerit,
721 2372 804 2451 quod
820 2369 944 2430 minime
959 2369 1124 2443 credimus,
1148 2377 1179 2431 ut
1193 2368 1237 2430 fiat

163 2473 233 2545 hoc,
255 2473 504 2553 repromittimus,
528 2474 609 2552 quod
632 2473 800 2533 secundum
818 2470 909 2533 huius
923 2472 1005 2552 pacti
1019 2472 1235 2543 continentiam,

165 2575 242 2636 sicut
262 2578 368 2637 subter
390 2574 608 2636 confirmatum
623 2575 740 2653 paruit,
763 2573 909 2636 iustitiam
931 2573 1020 2636 uobis
1043 2576 1083 2636 de
1105 2574 1233 2635 omnibns

164 2676 302 2756 capitulis
325 2676 538 2738 conseruatori
560 2696 616 2756 per
638 2676 741 2737 omnia
763 2695 879 2739 sumus.
1076 2748 1078 2751 Ι

249 2781 277 2844 1.
318 2779 357 2839 Et
376 2779 437 2839 boc
458 2778 675 2858 promittimus,
697 2785 730 2840 ut
751 2778 777 2839 si
799 2777 866 2856 quis
887 2777 988 2839 hostis
1012 2782 1065 2837 aut
1087 2792 1236 2838 scamaras

162 2900 219 2960 per
246 2887 370 2942 nostros
397 2879 476 2940 fines
506 2880 545 2939 ad
560 2872 744 2965 laesionem
771 2887 880 2940 contra
902 2898 959 2941 uos
981 2878 1088 2939 uenire
1111 2884 1238 2958 tempta-

65 2992 69 3003 '
162 2983 277 3054 uerint,
311 2989 341 3045 et
369 2982 409 3044 ad
437 2989 575 3042 nostram
603 2981 781 3060 peruenerit
808 2981 962 3053 notitiam,
993 3001 1050 3042 nos
1078 2980 1239 3041 secundnm

162 3085 394 3165 possibilitatem
421 3091 560 3144 nostram
587 3083 675 3144 uobis
703 3102 758 3146 eos
784 3081 909 3143 laedere
934 3101 996 3143 non
1026 3081 1241 3161 permictimus.

162 3188 200 3248 Et
221 3188 246 3249 si
270 3184 503 3266 cognouerimus
527 3184 586 3245 alia
608 3186 657 3246 die
678 3185 759 3246 facta
784 3185 1049 3265 langobardorum
1077 3182 1186 3243 uenire
1205 3181 1239 3242 ad

121 3331 126 3342 .
161 3290 329 3351 laesionem
360 3287 461 3348 ducati
490 3286 584 3348 uestri
600 3286 814 3365 neapolitani,
848 3287 937 3348 uobis
964 3286 1162 3359 nunciamus,
1195 3289 1240 3345 aut

162 3390 289 3450 certain
311 3389 401 3451 tertio
417 3389 466 3449 die
480 3409 579 3469 usque
594 3390 633 3449 ad
651 3388 794 3450 uirtutem
809 3395 840 3449 et
853 3387 1089 3467 possibilitatem
1103 3394 1238 3449 nostram

162 3492 206 3553 eis
228 3491 382 3555 resistere,
424 3490 492 3552 Hoc
514 3491 594 3552 enim
617 3491 713 3563 stetit,
735 3499 768 3551 ut
790 3489 816 3551 si
838 3489 941 3569 aliqua
963 3490 1080 3551 clasma
1102 3487 1239 3549 fueritin

161 3592 273 3655 finibus
296 3592 406 3655 uestris
429 3594 531 3654 ‹lucati
551 3593 741 3673 neapolitani
761 3601 844 3654 terra
859 3591 999 3672 marique
1014 3611 1032 3652 a
1049 3607 1239 3671 quacumque

162 3694 222 3756 alia
248 3695 420 3774 prouincia,
455 3703 488 3756 ut
518 3695 602 3757 nulla
635 3694 794 3775 requisitio
822 3713 840 3754 a
868 3693 958 3755 nobis
985 3693 1041 3754 fiat
1066 3692 1097 3753 in
1132 3693 1239 3753 ducatu

161 3805 265 3860 uestro
288 3797 502 3876 neapolitano3
525 3798 570 3859 sic
584 3807 697 3870 tamen,
720 3797 797 3858 utin
812 3794 924 3857 finibus
943 3795 1131 3876 principatus
1145 3791 1239 3855 nostri

160 3901 379 3974 beneucntani,
411 3920 468 3961 nec
497 3920 608 3980 panem
637 3918 694 3960 nec
723 3918 836 3978 aquam
865 3918 883 3959 a
913 3897 1089 3983 quempiam
1117 3894 1239 3989 bomine

161 4002 262 4062 bonae
291 4002 456 4063 uoluntatis
485 4003 628 4082 accipiat:
663 4007 791 4079 excepto
821 4000 846 4062 si
875 3999 1003 4061 brachio
1034 3998 1108 4060 forti
1139 3984 1241 4060 hostili

161 4123 248 4163 more
269 4104 378 4165 tollere
399 4105 541 4184 potuerit.
585 4104 615 4165 Si
638 4112 741 4165 autern
764 4111 794 4164 et
815 4102 948 4183 suspicio
970 4101 1070 4174 fuerit,
1093 4100 1165 4180 quia
1186 4117 1239 4179 per

160 4205 228 4267 loca
255 4205 442 4284 principatus
469 4207 566 4269 nostri
599 4205 815 4277 boneuentani,
847 4214 899 4266 aut
931 4224 987 4284 per
1019 4201 1180 4265 consilium
1210 4207 1237 4260 et
