2574 4710
143 335 187 400 38
363 333 528 399 Entcrvs
549 333 727 396 ROTHARI
750 334 832 401 CAP.
858 337 1034 404 teu-186.

145 526 177 581 et
197 517 250 579 illa
272 518 435 584 uoluerint.
486 519 524 581 Et
547 519 705 580 mundium
733 520 798 582 eius
828 520 940 600 prioris
968 521 1070 585 mariti
1098 531 1239 603 parentes

145 638 209 680 non
231 619 378 694 habeant,
401 639 459 701 pro
482 639 520 682 eo
537 622 620 701 quod
637 621 666 681 ei
680 622 914 701 denegauerunt
930 623 1126 686 uoluntatem
1142 645 1238 687 suam:

144 720 217 782 ideo
239 722 348 783 redeat
375 722 535 783 mundium
558 721 622 784 eius
646 723 685 784 ad
708 723 868 804 proximds
891 735 1055 805 parentes,
1085 725 1140 806 qui
1160 708 1261 806 prius¹

144 841 216 884 eam
238 824 278 884 ad
302 823 447 885 maritum
469 824 630 889 dederunt.
667 824 705 886 Et
727 823 753 887 si
774 833 921 904 parentes
943 846 1006 887 non
1027 827 1145 889 fuerint
1166 828 1238 909 legi-

144 925 220 998 timi,
242 933 316 986 tunc
338 925 481 986 mundius
509 923 561 985 ille
590 926 630 986 ad
665 934 785 988 curtem
812 927 893 1008 regis
924 935 1099 1006 perteneat.
1153 928 1191 992 Et
1216 931 1238 993 si

145 1026 223 1089 tales
245 1026 338 1089 fuerit
360 1027 487 1099 mulier,
512 1046 593 1107 quae
616 1027 762 1089 maritum
792 1047 854 1088 non
878 1029 964 1091 uellit
986 1037 1040 1091 aut
1061 1049 1127 1090 non
1147 1031 1238 1110 possit

121 1117 278 1201 habere,
306 1129 346 1191 sit
373 1129 405 1189 in
435 1136 626 1209 potestatem
657 1128 737 1190 illius
773 1130 812 1190 ad
841 1149 934 1208 quern
964 1130 1108 1193 mundius
1141 1132 1179 1191 de
1205 1151 1237 1193 ea

144 1230 288 1308 pertenit.
330 1230 369 1292 Et
390 1230 417 1292 si
437 1230 505 1310 ipse
535 1249 605 1291 eam
633 1230 715 1291 male
743 1229 887 1292 habuerit
915 1240 968 1293 aut
990 1233 1187 1306 tractauerit,
1212 1241 1238 1295 et

144 1332 313 1408 probatur,
341 1341 415 1392 tunc
442 1331 532 1395 liceat
561 1350 631 1392 eam
654 1332 694 1392 ad
723 1340 868 1412 parentes
899 1353 972 1395 suos
1001 1335 1135 1408 reuerti;
1163 1342 1193 1395 et
1216 1334 1237 1396 si
1281 1312 1284 1345 ³

144 1441 290 1511 parentes
314 1453 376 1493 non
390 1432 544 1506 habuerit,
567 1443 640 1495 tunc
656 1434 695 1495 ad
712 1442 831 1496 curtem
853 1435 933 1515 regis
949 1434 1067 1496 habeat
1082 1434 1237 1516 refugium

144 1540 176 1593 et
199 1534 360 1594 mundium
382 1535 446 1596 eius
470 1535 510 1597 sit
530 1535 562 1596 in
583 1543 774 1614 potestatem
795 1536 888 1616 regis.

232 1636 300 1699 183.
342 1636 389 1695 De
415 1636 582 1699 traditione
608 1636 730 1717 puellae
759 1644 812 1698 aut
842 1637 987 1702 mulieris.
1040 1638 1071 1700 Si
1095 1638 1164 1719 quis
1187 1659 1240 1719 pru

143 1734 241 1796 libera
264 1736 392 1799 muliere
415 1745 468 1799 aut
489 1738 593 1817 puella
616 1737 775 1797 mundium
791 1738 920 1816 dederit,
943 1746 974 1800 et
996 1740 1143 1802 conuenit
1163 1749 1196 1801 ut
1217 1740 1242 1801 ei

144 1838 287 1899 tradatur
310 1838 350 1898 ad
373 1858 513 1915 uxorem,
536 1847 711 1919 posteaque
734 1838 896 1919 contigerit
919 1841 1030 1902 marito
1055 1824 1190 1914 mortuo,
1212 1850 1242 1902 ut

143 1940 213 2020 ipsa
244 1939 354 2000 mulier
383 1941 423 2001 ad
459 1940 552 2001 alium
586 1941 731 2002 maritum
766 1941 879 2002 debeat
910 1942 1091 2025 ambulare,
1125 1952 1177 2005 aut
1203 1944 1242 2004 ad

144 2050 291 2122 parentes
320 2042 436 2105 reuerti
465 2049 519 2103 aut
547 2042 587 2103 ad
616 2049 734 2103 curtem
756 2042 854 2122 regis:
892 2050 965 2103 tunc
986 2043 1122 2106 heredes
1144 2044 1245 2106 mariti

144 2144 256 2224 prioris
273 2144 425 2224 accipiant
440 2143 639 2205 medietatem
663 2145 701 2203 de
725 2151 817 2216 meta,
840 2143 917 2204 sicut
933 2163 1028 2223 supra
1044 2145 1244 2208 constitutum

144 2255 206 2318 est,
236 2254 267 2307 et
293 2246 362 2327 ipsa
389 2265 446 2326 per
474 2265 567 2307 mano
598 2245 688 2309 simili
716 2246 809 2306 modo
839 2246 1017 2306 retradatur
1044 2247 1124 2308 sicut
1150 2247 1244 2327 priori

145 2347 258 2424 marito
281 2348 395 2410 tradita
416 2349 481 2412 fuit.
528 2348 609 2408 Nam
631 2346 720 2408 aliter
747 2348 813 2409 sine
841 2346 1007 2409 traditione
1034 2349 1120 2410 nulla
1142 2368 1246 2410 rerum

144 2449 273 2511 dicimus
296 2450 466 2511 subsistere
487 2448 677 2514 firmitatem.

232 2553 302 2617 184.
345 2552 392 2610 De
414 2551 524 2611 exenio
541 2550 684 2629 nuptiali.
729 2551 759 2611 Si
782 2552 909 2630 quando
931 2550 1021 2630 pater
1042 2550 1141 2612 filiam
1155 2571 1247 2614 suam

145 2661 198 2715 aut
220 2653 318 2714 irater
330 2671 474 2714 sororem
487 2670 587 2713 suam
610 2651 660 2711 alii
675 2652 715 2712 ad
739 2671 869 2712 uxorem
884 2644 1063 2725 tradederit,
1087 2660 1119 2713 et
1135 2651 1245 2732 aliquis

78 2811 85 2819 .
144 2772 184 2814 ex
206 2754 329 2826 amicis,
358 2762 486 2833 accepto
510 2753 637 2826 exenio,
663 2753 724 2833 ipsi
753 2754 872 2814 mulieri
903 2754 1018 2833 aliquid
1046 2752 1186 2831 dederit,
1215 2753 1246 2813 in

144 2855 240 2935 ipsius
264 2855 304 2917 sit
326 2862 544 2934 potestatem,
561 2854 612 2934 qui
635 2854 795 2914 mundium
818 2856 856 2915 de
883 2875 954 2916 eam
974 2855 1061 2930 fecit3
1095 2873 1140 2925 eov
1158 2855 1246 2936 quod

145 2957 284 3029 marituS,
307 2957 334 3018 si
354 2956 500 3035 launigild
523 2956 705 3034 requisitum
726 2957 828 3034 fuerit,
850 2951 917 3037 ipse
940 2958 1033 3019 debet
1054 2956 1192 3021 soluere.

232 3058 301 3123 185.
342 3057 389 3117 De
410 3058 543 3119 incestas
567 3065 598 3119 et
619 3055 765 3120 inlecetas
788 3060 923 3139 nuptias.
966 3059 1046 3119 Nulli
1067 3057 1159 3120 leciat
1180 3077 1245 3119 no-

145 3178 271 3221 uercam
298 3177 401 3232 suam,
430 3159 461 3219 id
489 3167 536 3221 est
564 3158 706 3220 matrinia
737 3160 789 3239 qui
814 3161 871 3222 fuit
898 3180 977 3220 uxor
998 3161 1112 3240 patris,
1141 3178 1246 3240 neque

144 3261 329 3342 priuignam,
353 3262 436 3340 quod
460 3269 507 3323 est
528 3260 668 3333 filiastra,
690 3280 792 3341 neque
814 3269 989 3341 cognatam,
1013 3261 1065 3341 qui
1086 3261 1143 3323 luit
1164 3280 1247 3323 uxor

94 3389 99 3396 ·
146 3363 261 3437 fratris,
282 3380 413 3422 uxorem
435 3361 557 3429 ducere,
606 3361 645 3423 Et
666 3362 692 3423 si
713 3362 782 3442 ipsa
805 3363 1005 3436 consenserit,
1031 3363 1075 3423 uir
1098 3363 1150 3443 qui
1174 3381 1247 3425 eam

146 3465 238 3538 ducit,
261 3470 418 3544 conponat
439 3482 497 3543 pro
526 3463 616 3542 culpa
637 3463 669 3524 in
691 3470 777 3524 curte
798 3465 879 3544 regis
908 3466 1025 3527 solidos
1055 3473 1192 3539 centum,
1215 3473 1246 3527 et

145 3586 221 3627 mox
236 3575 399 3646 separetur
414 3566 452 3625 ab
470 3585 517 3643 ea,
533 3565 716 3626 constrictus
733 3583 751 3625 a
765 3583 856 3644 rege3
873 3566 986 3645 etipsa
1002 3565 1112 3626 mulier
1126 3566 1246 3628 habeat

146 3667 346 3729 medietatem
361 3667 400 3727 de
415 3667 515 3728 omnis
530 3685 581 3728 res
597 3686 680 3738 suas,
696 3674 727 3728 et
742 3666 942 3728 medietatem
957 3667 1078 3729 amittat
1093 3676 1124 3728 et
1140 3675 1246 3730 curtes

145 3769 233 3849 regia
244 3769 404 3848 suscipiat:
425 3788 464 3829 eo
481 3770 564 3849 quod
581 3768 720 3828 inlecitus
739 3777 963 3829 consenserunt
984 3768 1143 3829 celebrare
1158 3790 1245 3849 nup-

145 3871 220 3943 tias,
236 3869 296 3931 hac
310 3889 413 3951 poena
429 3877 618 3945 susteneant,
635 3877 666 3931 et
681 3889 764 3947 mox,
787 3877 820 3930 ut
840 3870 953 3931 dictum
970 3878 1026 3942 est,
1048 3879 1245 3949 separentur.

232 3973 302 4038 186.
344 3972 391 4032 De
411 3970 570 4036 uiolentia.
615 3972 646 4032 Si
667 3971 715 4032 uir
736 3971 856 4032 mulieri
879 3971 1041 4033 uiolentius
1063 3971 1185 4045 fecerit,
1214 3980 1246 4034 et

144 4073 275 4134 inuitam
296 4073 412 4135 tullerit
426 4092 566 4147 uxorem,
589 4074 627 4135 sit
643 4072 803 4154 culpabilis
819 4073 899 4139 sold.
914 4081 1099 4154 nongentos,
1120 4074 1244 4134 medie-

145 4182 244 4237 tatem
264 4175 330 4256 regi
352 4183 382 4238 et
404 4176 603 4237 medietatem
617 4175 797 4256 parentibus
820 4175 971 4237 mulieris:
995 4183 1025 4238 et
1047 4175 1074 4236 si
1095 4182 1242 4255 parentes
