2574 4710
96 342 155 405 116
208 336 446 400 LlVTPRANDl
467 336 593 399 LEGES
614 332 710 396 ANNI
730 334 813 401 XIV.
837 333 919 402 CAP.
941 336 1071 402 tlt-83.
1175 388 1181 405 .

94 523 212 584 earoire
235 523 274 583 ad
298 540 396 584 annos
421 522 483 582 dno
505 522 556 582 uel
576 529 655 592 tres,
686 526 717 581 et
738 526 850 598 postea
880 518 1014 580 dimittat
1041 537 1103 581 enm
1119 526 1160 584 sa'-

92 644 178 686 num.
220 624 259 685 Et
281 626 307 686 si
329 623 399 685 talis
421 641 558 702 persona
579 621 680 694 fuerit,
702 628 820 681 utnon
841 620 968 694 habeat,
990 621 1070 681 unde
1086 621 1161 701 ipsum

92 726 209 787 lurtum
239 743 436 804 conponere,
470 725 583 787 debeat
612 743 683 785 eum
711 724 787 784 dare
814 722 846 782 in
875 740 987 785 manus
1013 721 1103 795 illius,
1128 726 1163 785 oni

93 829 197 906 ipsum
217 827 333 888 lurtum
355 826 441 897 lecit,
472 834 502 888 et
524 828 592 905 ips'e
614 827 653 886 de
676 844 713 886 eo
742 823 836 885 iaciat
858 823 944 902 qnod
972 824 1106 885 noluerit.
1138 826 1165 888 llt

93 927 120 990 si
141 935 253 1007 postea
275 928 387 989 iterum
409 928 529 1007 ipsein
551 927 632 989 furto
655 934 757 989 tentus
780 925 882 996 luerit,
905 924 1040 986 deealnit
1060 944 1129 1000 eum,
1145 934 1166 989 et

94 1029 185 1090 cedat
198 1048 255 1108 per
271 1028 473 1108 disciplinam,
497 1029 575 1090 siout
591 1029 674 1090 deuit
694 1028 848 1099 turonem,
872 1032 902 1087 et
916 1034 1014 1105 ponat
1029 1027 1057 1088 ei
1072 1027 1167 1108 signum

92 1131 124 1190 in
146 1131 249 1192 fronte
271 1138 302 1192 et
322 1130 432 1195 faciae.
467 1129 554 1191 Etsi
576 1149 634 1190 nec
656 1130 701 1191 sic
723 1128 891 1189 emendare
913 1128 1056 1205 uoluerit,
1078 1135 1167 1209 etpost

92 1220 178 1312 ipsas
209 1232 413 1293 districtiones
440 1231 471 1291 in
498 1231 612 1291 lurtum
635 1238 737 1292 tentus
759 1230 866 1302 fuerit,
896 1230 1005 1291 uindat
1026 1249 1094 1291 eum
1112 1230 1168 1293 ioris

92 1332 265 1413 prouincia,
289 1339 319 1393 et
340 1333 456 1395 habeat
478 1332 537 1394 sibi
558 1332 651 1392 iudex
665 1331 819 1412 praetium
840 1331 956 1412 ipsius3
978 1339 1169 1393 uerumtamen

94 1443 127 1498 nt
158 1442 291 1514 prouata
325 1453 420 1496 eausa
447 1435 499 1505 sit,
533 1440 564 1494 et
591 1454 656 1495 non
688 1453 760 1495 eum
793 1434 860 1496 sine
895 1453 973 1494 uera
1007 1434 1170 1513 pronatione

93 1537 208 1596 deueat
228 1534 365 1599 uindere.

177 1638 229 1701 81.
272 1635 341 1700 Xll.
384 1634 416 1695 Si
438 1625 506 1715 quis
528 1634 626 1696 homo
649 1636 802 1698 cauallum
824 1636 1004 1716 perdederit
1026 1644 1079 1698 aut
1099 1636 1173 1699 alian

93 1739 353 1818 qualemcumque
375 1756 458 1810 rem,
486 1737 582 1797 uadat
611 1736 650 1797 ad
678 1738 812 1797 iu'dieem
836 1738 888 1817 qui
915 1738 947 1799 in
976 1737 1048 1798 loeo
1073 1739 1173 1818 positus
1210 1742 1215 1747 '

93 1846 154 1912 est,
178 1841 229 1900 ubi
252 1839 367 1900 lurtum
389 1837 504 1899 laetum
526 1838 634 1909 fuerit,
663 1845 694 1898 et
716 1839 797 1900 dicat
818 1839 845 1900 ei
869 1839 988 1912 omnia,
1012 1839 1140 1918 qualiter
1155 1840 1176 1900 ei
1217 1816 1220 1863 ¹

94 1941 237 2020 contegit.
274 1940 312 2000 Et
333 1939 360 2001 si
384 1938 475 2000 iudex
491 1938 660 2001 neoleotum
676 1940 783 2002 fecerit
804 1941 843 2001 ad
859 1939 1078 2020 inquirendum
1091 1941 1177 2021 ipsun
1217 1918 1220 1943 Ι

93 2043 219 2113 lurtum,
242 2048 401 2120 conponat
415 2040 454 2099 de
475 2041 605 2120 proprio
628 2060 685 2102 suo
701 2041 816 2102 lurtum
837 2043 948 2121 ipsum.
978 2042 1017 2103 Et
1032 2043 1058 2104 si
1074 2043 1176 2116 dixerit,

95 2145 180 2224 quod
202 2142 320 2204 nullum
341 2143 504 2203 neoliotum
526 2142 656 2213 fecissit,
684 2151 813 2222 preueat
835 2151 1082 2216 sacramentum,
1109 2144 1178 2224 qnod

94 2245 258 2306 neclictum
281 2244 320 2305 ad
341 2244 560 2324 inquirendum
575 2263 639 2304 non
653 2245 780 2317 fecissit,
802 2245 861 2306 nisi
876 2246 961 2324 qnod
976 2245 1116 2306 inuenire
1128 2265 1178 2306 non

94 2347 251 2426 potuissit,
275 2353 305 2406 et
327 2346 366 2406 sit
388 2346 558 2425 apsolutus.
603 2345 696 2417 Quod
719 2347 745 2408 si
766 2346 870 2407 iurare
893 2366 986 2408 ausus
1009 2366 1074 2407 non
1095 2346 1181 2419 suerit

96 2455 254 2528 conponat
275 2454 309 2507 ut
331 2466 424 2527 supra
449 2449 550 2527 ipsum
572 2447 687 2509 lurtum
711 2448 749 2508 de
771 2448 909 2528 proprio.
922 2467 991 2514 suo.

160 2536 163 2543 ¹
182 2551 233 2613 82.
255 2547 337 2608 ΧΙΙΙ.
381 2547 412 2608 Si
435 2547 504 2627 quis
520 2567 643 2608 carrum
659 2555 690 2608 et
704 2550 802 2610 boues
816 2549 848 2608 in
864 2549 943 2610 silua
959 2567 1016 2610 sua
1030 2548 1184 2622 inuenerit

96 2658 127 2712 et
140 2650 296 2730 lignamen
312 2649 511 2728 superposito
527 2657 580 2710 aut
592 2668 661 2711 eum
674 2651 932 2730 qualemcumque
947 2670 1014 2710 rem
1029 2651 1184 2723 honerato,

97 2758 128 2810 et
149 2751 235 2829 ipsos
258 2752 357 2810 boues
374 2757 426 2809 aut
441 2769 531 2811 carro
548 2751 794 2830 conprehindere
817 2759 847 2812 et
869 2753 907 2813 ad
923 2753 1084 2832 propriam
1106 2772 1186 2815 suam

97 2852 227 2922 duxerit,
249 2868 313 2910 non
329 2849 369 2911 sit
383 2850 551 2930 culpauelis
573 2871 631 2930 pro
655 2870 703 2924 eo,
727 2853 810 2931 quod
824 2853 856 2912 in
875 2855 968 2916 rebus
984 2855 1048 2917 suis
1067 2855 1185 2915 inuenit

180 2955 231 3018 83.
254 2949 350 3016 Xllll.
397 2952 444 3012 De
472 2953 614 3013 omnibus
644 2952 809 3026 iudicibus,
841 2956 967 3035 quando
997 2956 1030 3016 in
1058 2955 1187 3017 exercito

97 3053 259 3118 ambolare
281 3053 450 3115 necessitas
473 3053 573 3127 fuerit,
596 3073 659 3115 non
681 3054 836 3117 dimittant
858 3056 935 3119 alios
958 3057 1114 3132 homenis,
1135 3056 1189 3119 nisi

94 3156 312 3219 tantummodo
328 3153 380 3235 qni
401 3174 496 3214 unum
519 3155 639 3216 cauallo
662 3155 789 3230 habent,
810 3157 872 3218 hoo
893 3165 941 3220 est
962 3158 1107 3221 homines
1129 3178 1188 3231 sex,

98 3266 129 3320 et
150 3259 260 3321 tollant
281 3246 463 3318 ad'saumas
486 3275 559 3319 suas
582 3256 668 3336 ipsos
692 3258 828 3320 cauallos
852 3278 923 3334 sex;
948 3265 978 3320 et
1000 3261 1039 3321 de
1062 3260 1189 3322 minimis

96 3359 290 3431 hominibus,
314 3357 367 3437 qui
389 3377 446 3418 neo
469 3377 558 3419 casas
580 3378 638 3419 nee
660 3367 760 3422 terras
783 3379 856 3421 suas
878 3361 1010 3434 habent,
1042 3362 1191 3425 dimittant

95 3460 239 3522 homenis
263 3460 384 3519 decem:
419 3466 449 3520 et
469 3459 529 3539 ipsi
555 3458 698 3522 homenis
727 3462 766 3521 ad
794 3462 896 3541 ipsum
920 3463 1054 3523 iudicem
1080 3465 1193 3525 faciant

96 3569 153 3640 per
183 3560 350 3621 ebdomata
380 3579 442 3621 una
470 3579 583 3640 operas
608 3569 686 3634 tres,
714 3564 909 3643 usquedum
938 3564 1006 3643 ipse
1033 3565 1128 3626 iudex
1155 3566 1192 3626 de

98 3661 233 3720 exercito
263 3661 436 3725 reuertitur.
488 3650 648 3724 sculdahis
682 3683 758 3724 uero
789 3663 921 3726 dimittat
948 3665 1094 3728 homenis
1121 3676 1192 3741 tres,

99 3761 150 3840 qui
172 3761 309 3823 caualltls
331 3762 457 3835 hahent,
479 3770 512 3822 ut
532 3763 644 3824 tollant
664 3765 704 3824 ad
727 3783 852 3826 saumas
869 3786 940 3828 suas
957 3767 1094 3829 cauallos
1117 3777 1194 3841 tres;

98 3863 189 3923 etde
211 3863 382 3924 minoribus
410 3864 587 3925 hominibus
616 3864 770 3925 dimittant
796 3865 939 3929 homenis
963 3869 1114 3949 quinque,
1144 3870 1195 3950 qui

97 3962 213 4023 faciant
235 3964 263 4024 ei
286 3982 410 4044 operas,
433 3967 507 4026 dum
529 3967 596 4046 ipse
611 3985 758 4028 reuersus
775 3967 875 4039 fuerit,
898 3969 976 4031 sicut
998 3971 1039 4032 ad
1060 3970 1194 4032 iudicem

98 4063 255 4137 dixemus,
282 4085 339 4144 per
362 4067 528 4129 ebdomata
550 4087 612 4128 nna
641 4086 754 4147 operas
777 4077 850 4131 tres.
896 4071 1044 4133 Saltarius
1067 4074 1194 4152 quidem

98 4165 187 4227 tollat
203 4167 322 4228 cauallo
338 4189 410 4242 uno,
434 4176 464 4230 et
477 4170 517 4230 de
534 4171 716 4243 minoribns,
739 4171 791 4250 qui
814 4173 841 4233 ei
858 4192 971 4252 operas
986 4173 1089 4248 faciat,
1105 4174 1195 4237 tollat
