2574 4710
309 340 474 405 EDICTVS
496 341 674 405 ROTHARI
696 342 779 406 CAP.
803 345 978 411 195-198.
1156 347 1194 410 41

185 527 255 592 195.
298 526 345 586 De
367 527 482 587 crimen
503 528 534 588 in
556 527 693 607 puellam
715 528 839 592 iniectu.
892 528 923 589 Si
946 528 1013 608 quis
1037 514 1197 589 mundium

89 627 134 687 de
152 626 260 709 puella
274 627 372 690 libera
388 636 444 690 aut
457 629 587 690 muliere
602 637 790 709 potestatem
805 629 937 703 habens,
961 637 1091 709 exceptu
1108 638 1199 710 pater

90 739 150 792 aut
172 730 288 803 frater,
318 730 400 790 etin
430 730 567 793 animam
593 731 690 813 ipsius
722 731 846 811 puellae
874 740 929 792 aut
958 730 1094 794 mulieris
1115 732 1198 794 insi-

92 832 200 894 diatus
223 831 330 904 fuerit,
352 839 407 893 aut
429 831 479 893 alii
500 832 631 894 inuitam
659 834 699 895 ad
727 819 873 894 maritum
897 833 1024 894 tradere
1052 833 1196 907 uoluerit,

95 941 152 996 aut
174 933 352 995 uolentibus
368 933 408 994 ad
424 933 489 994 eius
506 933 687 996 uiolentiam
701 935 876 996 faciendam
896 953 1082 996 consensum
1097 955 1196 1016 prae-

94 1036 209 1109 buerit,
233 1044 288 1098 aut
310 1034 472 1097 consilium
488 1036 616 1106 dederit,
634 1044 665 1097 et
680 1046 841 1116 pronatur,
864 1036 1020 1098 ammittat
1035 1038 1195 1099 mundium

94 1137 204 1217 ipsius,
228 1146 260 1200 et
281 1137 334 1200 illa
357 1145 548 1217 potestatem
570 1137 688 1199 habeat
711 1139 749 1198 de
772 1139 850 1200 duas
873 1138 957 1199 uias:
981 1138 1047 1200 uult
1070 1138 1110 1199 ad
1133 1158 1196 1217 pa-

94 1240 192 1301 rentis
215 1239 340 1311 reuerti,
363 1239 429 1300 nult
451 1240 491 1300 ad
514 1248 632 1301 curtem
653 1240 734 1320 regis
758 1259 827 1301 cum
850 1241 942 1301 rebus
966 1240 1028 1301 suis
1052 1240 1195 1319 propriis,

96 1360 180 1420 quae
203 1341 244 1402 ad
261 1360 331 1402 eam
355 1360 411 1421 per
425 1341 526 1420 legem
540 1350 713 1420 pertenent,
736 1361 770 1403 se
786 1342 1016 1413 cummendare,
1033 1341 1085 1420 qui
1101 1361 1197 1402 mun-

98 1443 184 1504 dium
206 1443 272 1504 eius
293 1442 325 1502 in
351 1451 542 1522 potestatem
565 1443 679 1506 debeat
705 1443 832 1505 habere.
884 1444 923 1505 Et
945 1445 970 1505 si
993 1443 1040 1503 uir
1062 1442 1114 1503 iile
1134 1445 1195 1505 ista

100 1544 226 1607 crimina
249 1543 421 1624 negauerit,
444 1544 536 1606 liceat
552 1564 623 1605 eum
638 1563 673 1608 se
687 1545 872 1625 pureficare,
896 1554 926 1606 et
942 1545 1102 1606 mundium
1117 1546 1197 1607 sieut

99 1645 209 1708 habuit
227 1646 357 1720 habere,
379 1646 405 1707 si
427 1665 463 1708 se
483 1646 714 1726 pureficauerit.

185 1751 256 1814 196.
284 1749 345 1823 ,De
367 1749 482 1809 crimen
505 1749 658 1812 adulterii.
703 1749 733 1810 si
756 1749 1007 1830 quis'mundium
1030 1749 1069 1809 de
1090 1748 1195 1828 puella

95 1848 197 1910 libera
219 1858 275 1912 aut
296 1851 425 1912 muliere
445 1852 581 1924 habens,
609 1860 740 1930 exceptu
763 1859 853 1930 patre
876 1860 930 1912 aut
950 1852 1057 1923 fratre,
1080 1859 1110 1912 et
1132 1850 1197 1910 cri-

96 1970 170 2011 men
193 1951 222 2012 ei
243 1951 396 2026 iniecerit,
420 1955 504 2034 qued
527 1952 740 2024 adulterassit,
764 1953 886 2013 amittat
907 1953 1066 2012 mundium
1088 1952 1195 2030 ipsius,

96 2060 128 2114 et
149 2052 204 2114 illa
226 2062 418 2133 potestatem
439 2055 557 2117 habeat
584 2074 654 2115 cuni
681 2056 774 2114 rebus
799 2055 861 2115 suis
886 2053 1035 2134 propriis,
1065 2052 1133 2114 uult
1154 2051 1219 2113 ad.

96 2156 237 2236 parentis
260 2158 391 2230 reuerti,
418 2157 486 2219 uult
515 2158 555 2218 ad
578 2165 697 2217 curtem
719 2154 798 2234 regis
821 2175 856 2216 se
879 2156 1116 2227 commendare,
1143 2155 1195 2234 qui

96 2257 260 2318 mundium
285 2258 351 2322 eius
372 2259 404 2319 in
429 2267 616 2337 potestatem
638 2258 752 2318 debeat
774 2256 900 2338 habere.
948 2257 987 2318 Et
1014 2255 1039 2317 si
1066 2255 1113 2315 uir
1132 2255 1195 2327 ilie,

99 2358 162 2419 hoc
189 2359 316 2432 crimen,
340 2360 460 2422 dixissit
486 2359 660 2439 negauerit,
690 2358 782 2418 liccat
809 2376 880 2416 eum
908 2377 942 2418 sc
964 2356 1139 2437 pureficare
1166 2359 1192 2419 si

99 2460 245 2540 potuerit,
268 2469 300 2522 et
321 2462 481 2522 mundium
504 2462 570 2522 eius
593 2461 672 2522 sicut
693 2458 803 2520 habuit
824 2459 952 2524 habere.

184 2563 254 2628 197.
297 2563 344 2622 De
360 2563 475 2623 crimen
491 2562 670 2624 nefandum.
709 2562 739 2623 Si
762 2561 829 2641 quis
853 2561 1013 2621 mundium
1035 2561 1074 2621 de
1091 2560 1195 2642 puelia

94 2662 196 2751 libera
219 2672 274 2725 aut
296 2665 425 2724 muliere
452 2665 571 2726 habens
602 2682 735 2743 eamque
762 2663 904 2742 strigam,
928 2663 1012 2742 quud
1036 2670 1082 2724 est
1105 2682 1196 2725 mas-

95 2784 182 2840 cam,
205 2765 404 2842 clamauerit,
434 2774 564 2846 exceptu
595 2775 683 2846 pater·
705 2774 760 2827 aut
781 2765 895 2841 irater,
923 2765 1077 2827 ammittat
1100 2785 1196 2826 mun-

95 2866 183 2927 dium
212 2866 328 2945 ipsius,
359 2875 392 2929 ut
419 2888 531 2948 supra,
555 2876 585 2929 et
605 2868 659 2929 illa
686 2875 874 2948 potestatem
901 2867 1034 2939 habeat,
1065 2867 1132 2929 uult
1154 2868 1194 2928 ad

96 2976 265 3049 parentes,
296 2968 363 3030 uult
386 2969 426 3030 ad
448 2978 566 3030 curtem
592 2969 673 3049 regis
705 2987 773 3028 cum
796 2971 889 3029 rebus
918 2968 981 3030 suis
1005 2968 1138 3048 propriis
1160 2987 1195 3030 se

96 3070 331 3141 cummendare,
355 3071 407 3149 qui
423 3071 582 3131 mundium
605 3070 670 3132 eius
685 3070 716 3130 in
733 3078 923 3150 potestatem
938 3070 1052 3131 debeat
1065 3069 1193 3135 habere.

94 3171 136 3232 Et
151 3170 178 3233 si
192 3170 241 3230 uir
254 3171 306 3230 itte
322 3172 497 3251 negauerit,
520 3172 582 3233 hcc
597 3171 711 3231 crimen
726 3191 791 3231 nun
807 3171 939 3243 dixissit,
962 3171 1053 3232 liceat
1073 3190 1143 3231 eum
1159 3190 1194 3231 se

97 3272 284 3354 pureficare,
300 3281 332 3335 et
346 3274 506 3335 mundium
522 3275 600 3335 sicut
614 3272 724 3334 habuit
734 3272 862 3343 habere,
878 3271 903 3333 si
919 3291 953 3333 se
966 3270 1193 3352 pureficauerit.

184 3376 255 3440 198.
297 3375 344 3435 De
366 3375 481 3435 crimen
502 3376 533 3435 in
557 3375 659 3456 puella
674 3373 819 3434 iniectum
835 3373 885 3452 qui
908 3373 938 3433 in
954 3371 1082 3433 alterius
1098 3392 1195 3431 mun-

98 3477 183 3537 dium
208 3484 264 3540 est.
319 3476 350 3537 Si
377 3478 446 3556 quis
474 3477 612 3558 puellam
643 3483 698 3536 aut
724 3474 884 3535 mulierem
910 3474 1059 3546 liberam,
1089 3473 1194 3553 quiin

97 3578 225 3641 alterius
248 3578 409 3641 mundium
431 3587 491 3656 est,
513 3577 721 3640 surrrecariam
744 3566 798 3639 aut
820 3575 981 3655 histrigam
1003 3575 1194 3648 clamauerit,

98 3689 129 3742 et
149 3680 293 3760 pulsatus
318 3681 456 3760 penitens
473 3679 727 3743 manetestauerit
750 3679 958 3758 periturorum
974 3677 1103 3749 dixissit,
1122 3686 1195 3739 tunc

99 3791 252 3862 praeueat
279 3791 508 3844 sacramentum
543 3803 613 3843 cum
649 3779 813 3842 duodecim
843 3779 1078 3842 sacramentalis
1108 3800 1194 3852 suos,

99 3884 185 3962 qnod
209 3902 267 3964 per
287 3884 425 3944 furorem
446 3884 516 3964 ipso
539 3885 676 3945 nefande
699 3883 813 3942 crimen
830 3878 957 3953 dixissit,
979 3901 1053 3941 narn
1074 3901 1139 3942 non
1155 3882 1194 3941 dc

99 3994 185 4048 certa
214 4005 311 4048 causa
339 3985 538 4065 cognouissit.
589 3986 673 4045 Tunc
694 4004 753 4063 pro
782 3983 852 4063 ipsu
879 4002 995 4045 uanum
1022 3983 1194 4064 inproperii

100 4106 292 4160 sermonem,
323 4088 407 4167 quod
437 4106 500 4147 non
532 4093 723 4148 conuenerat
751 4086 855 4168 loqui,
883 4094 1043 4163 eenpcnat
1076 4085 1193 4148 solidos

100 4188 225 4268 uigenti,
247 4197 278 4250 et
302 4189 435 4268 amplius
458 4209 520 4250 nun
543 4189 757 4255 calumnietur.
793 4188 871 4248 Nam
897 4186 921 4250 si
944 4187 1194 4266 perseuerauerit
