2574 4710
278 114 516 178 LIV'IPRANDI
536 116 661 178 LEGES
684 116 778 177 ANNI
798 117 820 181 1.
845 117 927 184 CAP.
950 120 1042 184 3—6.
1171 121 1212 185 87

47 258 51 341 i
196 301 227 365 3.
249 298 300 364 ΙΠ.
345 299 376 360 Si
399 299 467 379 quis
483 300 696 380 langubardus
713 300 831 362 sororis
848 301 1017 381 reliquerit,
1040 310 1070 363 et
1086 303 1209 365 uiuente

109 419 184 463 eum
199 401 241 463 ad
259 399 372 462 marite
388 401 626 474 ambulauerint,
649 409 768 463 tantum
783 402 899 463 habeat
921 421 959 463 ex
980 403 1084 466 fratris
1105 403 1210 466 lacul-

110 509 185 575 tate,
208 502 235 564 si
256 502 324 582 ipse
344 502 426 565 filias
448 503 618 583 reliquerit,
642 504 843 583 quantumin
867 503 936 564 diae
952 513 1099 566 ueterum
1115 524 1209 566 aece-

110 611 241 684 perunt,
270 604 396 683 quande
425 605 465 667 ad
496 605 640 666 maritum
668 606 916 669 ambolauerunt.
977 606 1055 666 Nam
1084 607 1110 669 si
1140 607 1208 686 ipse

47 682 55 771 ἓΓ
108 705 332 785 fraterneque
353 705 435 768 iilibs
457 725 560 787 neque
581 702 662 768 filias
685 706 858 786 reliquerit,
887 715 941 768 ant
964 707 989 768 si
1011 707 1156 769 habuerit
1177 715 1208 770 et

108 814 181 868 ante
204 825 276 867 enm
299 808 414 868 mertui
436 815 490 868 aut
513 818 654 871 mortuae
685 809 808 870 luerent
829 811 949 888 absque
972 808 1042 870 filiis
1064 808 1204 872 filiabus:

109 915 181 969 tune
209 927 336 970 sereres
367 909 446 983 eins,
477 918 541 971 tam
568 911 620 991 qui
647 911 677 971 in
707 911 818 992 capillo
848 917 1080 984 remanserunt,
1110 932 1204 991 quam

107 1029 188 1091 quae
212 1011 253 1071 ad
275 1010 419 1071 maritum
442 1011 687 1088 ambelauerunt,
710 1012 741 1072 iu
763 1032 888 1073 omnem
912 1013 1115 1074 substantiam
1138 1012 1203 1074 eins

108 1113 136 1173 ei
156 1112 282 1174 heredis
306 1115 482 1177 succedant.
692 1182 695 1187 ⁴

158 1215 221 1280 24.
243 1213 309 1279 IIII.
353 1214 386 1274 Si
408 1215 475 1294 quis
497 1214 709 1295 langubardus
732 1235 858 1277 sorores
882 1226 912 1277 et
933 1215 1014 1278 filias
1036 1217 1067 1277 iu
1091 1217 1202 1298 capillo

109 1317 141 1379 in
159 1335 234 1379 casa
255 1315 427 1396 reliquerit:
454 1317 571 1396 pariter
598 1326 692 1397 atque
715 1317 903 1398 aequaliter,
933 1327 1202 1398 quantaecumque

105 1417 247 1493 fuerent,
281 1421 311 1479 in
332 1418 539 1480 hereditatem
569 1419 633 1481 eius
666 1422 834 1481 succedere
862 1421 1010 1491 debeant,
1041 1428 1202 1502 tamquam

104 1519 187 1583 lilios
209 1519 362 1600 legitimos
386 1519 601 1599 dereliquissit.

188 1625 218 1686 5.
242 1623 279 1686 V.
323 1620 355 1691 si
384 1603 467 1681 filiae
494 1628 547 1681 aut
576 1642 702 1684 sereres
731 1631 839 1683 centra
874 1622 1069 1685 uoluntatem
1101 1622 1198 1703 patris

99 1731 156 1785 aut
177 1721 284 1785 fratris
307 1722 418 1802 egerit,
446 1728 631 1801 potestatem
660 1723 776 1798 habeat
803 1731 891 1803 pater
918 1733 971 1786 ant
997 1725 1093 1784 frater
1113 1725 1199 1785 indi-

100 1824 195 1886 candi
216 1825 256 1885 de
278 1826 373 1886 rebus
397 1825 469 1896 suis,
494 1826 652 1904 quomedo
675 1834 730 1886 aut
753 1826 885 1906 qualiter
909 1825 1050 1888 uoluerit.

185 1931 216 1990 ti.
240 1925 290 1986 Vl.
334 1926 365 1987 Si
388 1927 456 2007 quis
478 1928 704 2006 langobardus,
731 1934 764 1987 ut
784 1927 904 1988 babens
928 1945 1017 1988 casus
1041 1927 1198 1987 humanae

99 2029 275 2111 fragilitatis
299 2029 502 2108 egrotauerit,
526 2047 719 2108 quamquam
740 2029 771 2088 in
793 2028 907 2090 lectolo
930 2027 1080 2103 reiaceat,
1102 2035 1197 2107 pete-

101 2139 212 2194 statem
236 2131 369 2204 habeat‚
401 2132 474 2191 dum
497 2130 572 2191 uiuit
600 2139 630 2190 et
651 2138 735 2190 reete
757 2130 845 2210 loqui
866 2138 983 2209 petest,
1010 2148 1068 2207 pre
1092 2128 1195 2190 anima

96 2253 159 2296 sna
180 2233 337 2296 iudicandi
352 2233 401 2293 uel
418 2232 618 2312 dispensandi
633 2232 672 2292 de
687 2235 780 2294 rebus
797 2233 872 2303 suis,
897 2230 970 2311 qnid
993 2240 1046 2292 aut
1062 2230 1196 2310 qualiter

96 2335 149 2396 cni
172 2316 323 2410 noluerit3
347 2343 377 2396 et
399 2336 481 2415 qnod
496 2333 690 2405 indicauerit,
714 2333 857 2396 stabilem
872 2334 985 2393 debeat
999 2328 1193 2411 permanere.

184 2437 217 2497 Si
239 2437 309 2517 quis
332 2456 426 2499 causa
449 2437 488 2496 de
516 2434 734 2516 suprascriptis
762 2435 918 2515 capitulis,
942 2452 1022 2514 qnae
1043 2453 1142 2514 nuper
1163 2434 1194 2494 in

95 2529 238 2619 presenti
259 2538 374 2618 pagina
400 2535 492 2598 edicti
518 2535 655 2617 adfigere
676 2537 880 2616 precipimus,
912 2547 1003 2598 antea
1026 2536 1195 2598 deliberate

95 2648 151 2702 aut
172 2659 230 2720 per
252 2639 437 2701 diuisionem
457 2638 572 2700 fenitae
594 2645 679 2711 sunt,
700 2637 732 2697 in
755 2657 793 2699 ee
816 2640 910 2700 modo
934 2647 1093 2710 maneant,
1116 2639 1195 2701 sieut

93 2749 191 2804 antea
217 2749 289 2803 sunt
316 2739 423 2802 finitae
450 2740 500 2800 uel
530 2748 675 2805 statutae.
727 2739 816 2812 Quae
844 2748 947 2801 autem
974 2741 1136 2800 terminate
1164 2746 1195 2800 et

92 2863 153 2924 per
176 2843 362 2904 diuisionem
385 2843 508 2905 decisae
534 2862 598 2903 non
620 2850 710 2920 sunt,
737 2843 769 2902 in
791 2862 829 2902 ee
853 2841 962 2902 urdine
984 2841 1194 2903 deliberentur

92 2955 125 3007 et
147 2952 304 3018 maneant,
327 2945 522 3007 sicutmodo
545 2944 587 3028 [p.
611 2945 684 3010 Obr.
707 2944 778 3028 713]
803 2943 1006 3015 decreuimus,
1029 2950 1059 3003 et
1079 2943 1110 3002 in
1132 2942 1194 3003 hec

92 3046 230 3107 edictum
254 3065 273 3106 a
295 3046 384 3108 nobis
406 3047 489 3107 facto
512 3053 649 3108 statuere
671 3045 730 3107 uisi
752 3065 869 3110 snmus.

166 3147 251 3222 'Que
285 3148 419 3228 denique
452 3148 617 3221 uniuersa,
650 3146 792 3231 superins
820 3166 839 3207 a
868 3145 1049 3207 celsitudine
1082 3153 1191 3207 nostra

91 3250 250 3323 instituta,
277 3250 386 3330 petoni
408 3249 529 3311 notarie
552 3249 632 3312 sacri
653 3247 753 3309 nestri
769 3247 885 3335 ‘palatii
907 3247 1190 3326 conprehendenda

91 3361 124 3415 et
147 3351 323 3413 ordinanda
344 3351 542 3431 precipimus.

250 3571 392 3633 INCIPIT
412 3571 466 3630 DE
486 3571 595 3632 ANNO
618 3570 770 3643 QVINTO
794 3570 833 3656 (p.
859 3573 930 3635 Otr.
952 3571 1035 3654 717).

177 3746 245 3827 Ego
267 3745 298 3806 in
322 3745 371 3805 dei
394 3746 615 3826 omnipotentis
631 3746 757 3807 nomine
772 3747 937 3827 liutprand,
961 3745 1189 3822 excellentissi-

90 3867 162 3911 mus
192 3846 373 3928 tergentis
402 3845 591 3911 filicissimae
626 3867 662 3909 ac
694 3848 865 3910 catholicae
902 3849 1026 3928 deoque
1059 3848 1189 3911 dilectae

88 3949 381 4030 langubardorum
399 3949 580 4013 reminiscor
602 3950 767 4029 queniam,
790 3950 867 4013 sicut
889 3951 1033 4030 superins
1058 3970 1076 4012 a
1098 3951 1189 4013 nobis
