2574 4710
169 347 310 412 AREGIS
331 343 516 439 PRINCIPIS
540 348 740 427 CAPITVLA,
762 358 833 430 post
855 369 969 413 annum
992 351 1062 416 774.
1127 353 1187 418 173

97 553 177 596 uero
209 534 290 595 infra
322 536 521 597 constitutum
553 535 720 614 supradicti
752 534 868 596 seruitii
899 543 1021 615 tempus
1057 536 1186 597 alteram

98 637 191 698 alteri
211 635 330 697 homini
350 636 545 717 ingesserunt
568 639 668 716 culpa,
690 636 739 696 uir
754 643 806 697 aul
821 636 942 710 coniux,
961 637 1187 717 imperpetuum

98 737 183 800 serui
205 739 383 814 tradantur,
413 747 443 800 et
465 758 536 801 reus
557 759 615 820 per
636 738 716 810 dies,
746 746 779 798 ul
800 758 895 817 supra
916 739 974 801 sibi
996 758 1187 813 conoessum,

99 859 230 902 uxorem
244 840 367 914 nutriat,
375 841 443 921 ipse
452 860 527 902 uero
537 841 679 904 dominus
688 839 792 902 traditi
803 841 884 900 unde
894 840 981 919 prior
988 840 1071 925 [pro]
1084 861 1187 914 seruo,

101 942 126 1004 si
152 941 330 1020 eontigerit,
363 962 422 1022 pro
454 943 563 1004 iniuria
590 943 653 1004 hab
683 962 720 1004 eo
753 942 839 1004 illata
869 941 1015 1004 iustitiam
1049 943 1188 1024 querenti

100 1042 272 1123 persoluat.

183 1149 211 1209 7.
255 1144 293 1207 Et
313 1145 375 1206 hoc
397 1146 627 1224 constituimus,
658 1147 886 1209 adolescentem
909 1153 989 1207 ante.
1003 1147 1042 1210 10
1064 1154 1094 1206 et
1115 1153 1186 1208 octo

103 1265 184 1308 anuo
212 1246 301 1309 etatis
326 1267 390 1308 non
416 1268 511 1327 posse
538 1248 634 1311 solius
663 1249 709 1310 ori
731 1248 779 1311 sui
804 1247 1085 1310 manifestationem
1107 1267 1187 1309 oon-

104 1349 272 1429 dempnari
499 1352 502 1360 '
668 1347 687 1376 ⁸
870 1413 876 1426 ,
945 1345 951 1356 ’

181 1456 213 1516 8.
256 1450 361 1514 Nullus
383 1452 480 1514 bomo
503 1452 623 1515 habens
644 1473 724 1515 uxor
745 1452 921 1532 legitimam,
942 1450 1013 1513 filiis
1031 1451 1081 1512 uel
1101 1451 1186 1515 lilia-

105 1553 172 1626 bus,
207 1553 260 1633 qui
292 1573 331 1614 ax
363 1554 461 1618 altera
489 1553 603 1615 inlicita
636 1555 765 1636 coniuge
797 1562 1015 1634 procreantur,
1051 1553 1186 1634 legitima

101 1653 223 1716 uiuente
237 1675 294 1735 per
316 1656 453 1736 quolibet
472 1656 627 1737 ingenium
644 1657 758 1737 aliquid
775 1655 945 1718 donatione
958 1655 1061 1716 faeere
1075 1675 1183 1735 possa:

100 1756 234 1818 mamme
257 1756 427 1831 dumtaxat,
451 1758 503 1839 qui
518 1760 557 1820 de
577 1759 694 1822 incesto
718 1759 799 1820 coitu
815 1766 982 1820 naseuntur
998 1777 1036 1818 ex
1049 1777 1186 1820 nuueroa

97 1857 128 1918 id
152 1867 201 1920 est
223 1859 383 1932 matrinia,
414 1868 467 1942 aut
488 1862 659 1942 preuuigna
675 1861 711 1921 'id
734 1869 782 1924 est
802 1860 948 1932 filiastra,
980 1859 1031 1920 uel
1053 1865 1185 1940 cognata

98 1979 183 2039 quae
205 1968 252 2023 est
271 1953 350 2022 uxor
370 1961 484 2038 fratris,
513 1971 565 2024 aut
587 1983 626 2024 ex
647 1981 794 2044 germana
816 1962 932 2035 uxoris,
961 1961 1012 2021 uel
1033 1961 1126 2022 etiarn
1147 1981 1186 2024 ex

97 2063 286 2124 consobrina
301 2071 496 2143 generantur,
519 2065 699 2143 omnimodo
713 2064 935 2145 prohibeamus
951 2064 1034 2125 nullo
1051 2045 1187 2144 quolibet

91 2150 293 2244 'argumento
316 2166 400 2245 quod
423 2165 591 2245 cogitaueri
606 2166 656 2227 uel
677 2165 736 2226 diei
757 2165 895 2226 humana
916 2165 1053 2227 uersutia
1073 2173 1186 2245 potest,

97 2263 147 2328 his
170 2266 371 2328 donationem
392 2268 497 2328 Iacere
517 2287 620 2346 posse,
644 2267 696 2348 qui
717 2268 779 2328 hoe
798 2267 917 2329 facinus
941 2266 1102 2332 contraxit.

84 2419 87 2425 .
181 2369 212 2433 9.
257 2368 287 2429 Si
312 2369 377 2449 quis
400 2370 568 2431 liberorum
591 2388 647 2432 seu
667 2368 880 2431 libertinorum
903 2368 1074 2432 ostenderit
1087 2389 1185 2448 prae-

102 2477 222 2549 reptum
235 2460 392 2533 'libertatis
415 2472 572 2553 quondam
593 2471 741 2551 seriptum
756 2479 826 2533 ante
841 2471 1053 2533 reuersionem
1069 2471 1187 2532 domiui

99 2569 201 2650 gisolfi
231 2572 269 2632 de
298 2580 362 2634 tras
395 2574 492 2653 pado,
526 2580 557 2634 el
586 2573 699 2636 falsum
730 2572 839 2653 procul
871 2571 964 2633 dubio
997 2573 1185 2653 apparuerit,

95 2681 265 2753 propterea
280 2674 307 2736 si
330 2675 529 2737 manifestare
551 2676 686 2755 potuerit
699 2675 757 2738 illis
781 2674 888 2736 diebus
912 2674 1059 2754 seriptum
1079 2674 1184 2747 luisse,

97 2794 179 2855 quos
194 2776 413 2856 praediximus,
434 2777 464 2837 in
486 2777 628 2839 libertate
649 2777 867 2858 permansisse,
888 2777 931 2838 ita
953 2778 1092 2856 prolecto
1108 2796 1186 2839 een-

97 2897 216 2950 semus,
245 2886 277 2939 ut
300 2880 469 2960 quodquod
492 2879 604 2941 extuli
630 2880 771 2943 libertate
798 2879 978 2959 superstites
1006 2887 1092 2952 sunt,
1119 2879 1185 2941 siue

96 2979 241 3045 homiues
264 2981 330 3042 siue
352 2980 511 3054 mulieres,
537 2980 568 3040 in
594 2981 757 3061 pristinam
778 2981 958 3043 seruitutem
979 2988 1184 3043 reuertantur.

96 3081 163 3142 Filii
184 3101 261 3143 uero
284 3085 334 3144 uel
354 3081 437 3143 filiae
465 3101 588 3154 eorum,
619 3084 671 3163 qui
700 3084 739 3143 de
763 3082 902 3163 ingenuis
930 3082 1079 3144 uxoribus
1104 3102 1185 3161 pro-

97 3176 192 3245 ¹creati
214 3191 294 3257 srmt,
315 3184 487 3246 libertatem
509 3203 578 3244 oum
600 3184 748 3246 matribus
769 3182 983 3264 permaneant.

182 3287 232 3352 10.
274 3286 417 3348 Peruenit
439 3286 478 3347 ad
502 3305 593 3348 aures
616 3285 809 3348 subIImitatis
831 3293 973 3358 nostrae,
1003 3287 1088 3365 quod
1111 3287 1183 3366 qui-

97 3388 170 3450 dam
191 3387 353 3449 bominum
375 3396 500 3450 uersuta
522 3389 686 3450 ealliditate
700 3387 806 3460 inbuti,
828 3393 956 3467 propter
978 3386 1182 3467 obligationes

96 3490 146 3550 uel
169 3489 288 3561 debita,
318 3510 399 3570 quae
420 3490 572 3564 fecerant,
603 3490 876 3572 propinquioribus
905 3489 1098 3569 parentibus,
1131 3491 1183 3570 qui

95 3592 175 3655 iusta
198 3591 299 3672 Iegem
320 3592 452 3656 heredes
476 3613 583 3656 eorum
603 3593 698 3655 futuri
719 3601 804 3666 sunt,
831 3596 1049 3655 testamentum
1077 3593 1182 3652 dona-

95 3694 187 3756 tionis
215 3694 402 3769 ammittant,
436 3702 469 3756 ut
503 3704 683 3777 quaestores
717 3714 825 3756 eorum
854 3693 986 3755 ereditas
1012 3711 1063 3754 res
1090 3693 1182 3754 facile

93 3798 248 3876 perdant;¹
267 3806 435 3877 propterea
450 3799 495 3860 sic
516 3817 650 3878 namque
672 3796 873 3868 decemimus,
895 3803 929 3857 ut
942 3794 1033 3874 primi
1047 3794 1180 3858 heredes

93 3898 284 3980 obligatione
298 3900 349 3961 uel
363 3899 467 3961 debita
481 3900 727 3980 propinquorum
742 3897 931 3978 persoluant,
953 3895 1074 3969 debinc,
1095 3897 1180 3976 quod

91 4002 251 4064 residuum
272 4003 365 4064 fuerit
386 4002 425 4064 de
446 4004 538 4064 rebus
562 4021 679 4076 eorum,
702 4000 825 4063 sibimet
846 4007 1016 4061 assumant.

179 4107 228 4172 11.
272 4104 302 4165 Si
332 4104 400 4186 quis
428 4104 460 4164 in
492 4104 571 4166 silua
604 4105 732 4184 propria
763 4102 936 4182 plaustrum
969 4101 1054 4180 quod
1087 4100 1179 4181 uulgo
1244 4120 1247 4125 ·

89 4206 200 4269 dieitur
222 4225 356 4281 carrum,
384 4207 554 4270 honustum
582 4205 669 4286 lignis
692 4225 761 4266 cum
783 4203 903 4266 bubulis
931 4202 1179 4286 deprehenderit,
