2574 4710
148 337 190 406 80
500 335 738 397 LIVTPRANDI
759 335 894 401 LEGES.

481 520 540 588 [66
559 501 669 575 anno.
681 518 922 587 nucimento]

150 615 210 678 451
236 610 310 698 [54].
336 612 366 673 si
390 611 459 690 quis
483 610 635 673 cartolam
658 612 834 674 donationis
856 629 913 690 per
936 608 1099 691 garethinx
1121 608 1211 674 lucta*
1279 652 1282 705 Ι

152 717 214 778 452
237 711 311 799 [55].
335 712 366 773 Si
389 712 456 792 quis
480 732 606 774 seruum
629 734 719 776 suum
740 713 916 775 fulfrealem
938 711 1136 793 thingauerit.

150 817 212 882 453
235 813 309 901 [56].
333 813 364 874 Si
387 814 455 894 quis
479 814 573 877 alium
595 817 634 876 de
654 816 737 878 furto
760 814 941 896 pulsauerit.

134 920 212 1002 ι454
236 914 311 1003 [57].
334 916 365 978 si
387 917 456 996 quis
480 917 617 978 deuitum
639 918 746 981 fecerit
769 926 799 980 et
820 937 871 980 res
894 935 967 980 suas
989 914 1173 979 uindederit.

150 1022 212 1086 455
236 1017 311 1105 [66].
335 1018 365 1079 Si
386 1018 489 1080 infans
512 1019 595 1081 dum¹
608 1020 688 1082 intra
711 1027 814 1082 aetate
829 1028 876 1083 est
897 1038 948 1081 res
969 1037 1043 1081 suas
1063 1016 1236 1096 cuicumque

234 1121 355 1181 dederit
377 1128 429 1182 aut
450 1119 688 1186 infiduciauerit.

50 1293 52 1296 ,
147 1224 211 1287 456
234 1220 308 1308 [56].
332 1221 364 1282 si
387 1223 454 1303 quis
476 1223 647 1304 gastaldius
672 1223 721 1284 uel
744 1232 831 1284 actor
852 1232 970 1284 curtem
992 1220 1112 1302 regiam
1127 1221 1236 1283 habens

233 1324 273 1385 ad
295 1326 542 1403 gouernandum.
1071 1392 1074 1396 μ

148 1428 210 1492 457
234 1424 309 1512 [66].
343 1425 374 1486 si
407 1427 507 1489 aldius
541 1430 762 1508 cuiuscumque
797 1447 868 1488 cum
900 1424 999 1486 libera
1032 1424 1162 1487 muliere
1194 1433 1235 1487 aut

231 1527 336 1607 puella
359 1528 531 1609 lornigatus
553 1530 654 1593 luerit.

23 1677 27 1687 .
148 1631 211 1696 456
234 1629 308 1715 [61].
331 1630 361 1689 Si
385 1631 452 1710 quis
476 1631 661 1712 aliiuuadia
685 1633 723 1691 de
747 1638 980 1710 sagramentum
1002 1629 1132 1693 dederit.

147 1737 209 1800 459
233 1730 306 1819 [62].
339 1732 573 1795 Reminiscimus
605 1733 686 1793 enim
719 1732 852 1812 qualiter
880 1732 942 1793 iam
976 1730 1161 1803 statuimus,
1194 1729 1236 1808 qui

231 1834 390 1910 hominem
413 1833 543 1895 liberum
567 1834 720 1898 occiserit.

22 1977 24 1984 ·
145 1939 209 2002 466
232 1934 306 2021 [63].
341 1936 371 1997 si
405 1937 472 2017 quis
507 1935 716 1998 testimonium
743 1935 857 1996 falsum
886 1944 994 1996 contra
1017 1943 1237 2014 quemcumque

230 2037 387 2101 redderit*

230 2137 293 2225 [64.
316 2140 362 2200 De
384 2140 482 2202 seruis
501 2139 552 2219 qui
575 2140 691 2202 amodo
712 2140 744 2199 in
766 2139 880 2200 furtum
901 2135 1237 2222 comprehenduntur.¹]

433 2241 492 2309 [DE
512 2239 613 2297 ANNO
633 2240 771 2296 TERTIO
792 2239 954 2307 blittolo]

145 2335 205 2399 464
231 2332 305 2419 [65].
327 2334 373 2392 De
405 2351 443 2392 eo
472 2333 523 2413 qui
555 2330 652 2392 filiam
678 2333 710 2392 in
740 2333 852 2412 capillo
878 2332 909 2391 in
939 2349 1013 2393 casa
1039 2330 1186 2391 habuerit
1213 2340 1238 2392 et

230 2435 327 2496 filium
349 2454 413 2495 non
435 2433 594 2514 reliquerit
615 2418 803 2514 legetimum.

148 2541 211 2604 462
233 2536 307 2624 [66].Ι
329 2539 375 2597 De
398 2537 496 2597 libero
519 2534 680 2596 hominem
703 2535 754 2615 qui
778 2554 909 2597 osorem
940 2535 979 2594 de
1006 2553 1100 2596 seruo
1129 2542 1182 2596 aut
1203 2535 1238 2594 de
1270 2613 1272 2618 ,

230 2640 355 2700 aldione
378 2657 434 2700 suo
458 2638 582 2698 uiuente
603 2637 673 2716 ipso
696 2639 811 2698 marito
834 2636 945 2700 tolerit.

145 2744 207 2807 463
231 2739 305 2826 [67].
329 2741 359 2802 Si
382 2740 450 2819 quis
473 2738 524 2799 alii
546 2739 722 2799 cautionem
745 2739 853 2813 fecerit
874 2747 904 2800 et
925 2758 988 2799 non
1013 2738 1041 2798 ei
1056 2732 1239 2820 obligauerit

228 2843 267 2902 de
288 2844 382 2904 rebus
405 2840 478 2904 suis.
1152 2917 1154 2920 v

143 2947 206 3011 464
229 2942 302 3030 [66].
325 2945 371 3003 De
395 2942 570 3004 aldionibus
594 2942 645 3022 qui
668 2944 707 3004 de
728 2963 865 3024 persona
887 2963 944 3005 sua
967 2943 1099 3005 aldionis
1123 2952 1204 3006 sunt.

143 3049 205 3112 465
229 3045 303 3132 [66].
327 3046 357 3107 Si
383 3045 482 3107 aldius
514 3044 733 3125 cuiuscumque
764 3047 795 3106 in
826 3064 899 3108 casa
929 3045 1053 3108 alterius
1081 3048 1238 3108 nesciente

226 3148 353 3209 domino
376 3167 433 3209 suo
456 3147 557 3208 luerit.

426 3249 484 3318 [DE
504 3248 604 3306 ΑΝΝΟ
624 3248 775 3316 QVARTO
796 3248 960 3318 [tactile]

142 3345 203 3408 466
226 3341 301 3429 [76].
324 3342 355 3402 Si
376 3343 456 3404 inter
477 3341 581 3403 fratris
604 3360 661 3421 per
683 3343 723 3406 40
746 3361 846 3404 annos
868 3343 1029 3421 possessio
1051 3343 1153 3405 fuerit.

141 3446 203 3509 467
226 3444 300 3531 [71].
324 3446 354 3506 Si
378 3446 445 3525 quis
468 3444 529 3506 alio
553 3451 621 3504 asto
644 3443 868 3524 conpellauerit
891 3445 930 3505 de
952 3464 1067 3525 pugna.

139 3548 202 3612 468
224 3545 298 3633 [72].
331 3547 362 3608 Si
389 3547 457 3627 quis
483 3546 561 3608 liber
597 3547 695 3608 homo
726 3547 765 3607 ad
793 3546 887 3608 alium
918 3545 1050 3608 liberum
1077 3547 1235 3609 honunem

224 3649 385 3710 consilium
408 3648 527 3710 dederit
547 3648 717 3728 periurare.

139 3752 200 3816 469
224 3748 298 3836 [73].
321 3751 367 3810 De
391 3751 559 3829 donatione
582 3770 662 3832 quae
684 3751 751 3812 sine
772 3749 925 3831 launegild
950 3760 1004 3815 aut
1026 3753 1093 3816 sine
1109 3755 1235 3834 thinga-

223 3851 307 3912 tione
330 3853 411 3913 facta
433 3861 488 3916 est.

139 3955 200 4017 470
224 3951 297 4039 [74].
321 3953 353 4013 si
374 3954 475 4017 infans
499 3957 572 4016 dum
593 3955 673 4017 intra
702 3964 804 4019 aetate
833 3965 880 4020 est
901 3976 951 4019 res
975 3977 1049 4020 suas
1072 3978 1142 4019 cnm
1163 3957 1235 4020 fra.-

222 4055 317 4117 tribus
341 4065 394 4118 aut
416 4077 485 4118 cum
507 4057 687 4137 parentibus
710 4059 773 4121 suis
796 4060 942 4121 deuidere
964 4060 1106 4127 uoluerit.

120 4192 157 4293 ⁸¹)
178 4193 221 4245 En
241 4197 316 4250 codd.
337 4197 422 4252 Paris.
442 4196 524 4263 4613,
544 4197 694 4256 Matritenst
712 4205 738 4255 et
761 4199 899 4256 Currenti.¹
