2574 4710
172 347 231 410 142
272 343 507 408 leutruanul
527 345 650 407 LEGES
671 345 765 406 ANNI
785 335 886 412 xxti.
908 346 990 413 CAP.
1016 350 1082 414 14¹.
1106 351 1174 414 142.

164 537 328 610 tamquam
357 530 384 592 si
410 529 540 612 thingati
566 530 703 602 luissint‚
730 531 785 592 ubi
813 531 985 606 noluerint;
1015 531 1087 612 quia
1115 551 1179 594 non
1206 543 1250 595 est

138 664 141 669 ·
170 633 316 712 placitum
345 632 422 704 deo,
437 639 484 694 ut
511 631 636 716 quileuit
663 631 760 694 homo
787 651 856 692 cum
882 653 981 707 uxore
1009 634 1111 695 aliena
1140 634 1248 698 debeat

168 733 324 799 fornicari.
383 735 500 794 Tamen
532 734 571 794 de
602 733 671 813 ipsa
699 733 872 796 libertatem
907 735 1054 807 dicimus,
1088 735 1161 816 quia
1191 757 1246 798 non

169 842 300 916 possunt
321 835 365 897 sic
385 835 452 897 sine
472 832 553 896 uera'
571 834 765 897 absolutione
787 836 851 896 ueri
871 835 959 896 liberi
980 856 1066 910 esse,
1095 837 1155 900 nisi
1177 837 1247 900 sient

169 937 286 999 edictus
308 937 443 999 contenit
465 937 563 1021 [noto.
586 935 673 1021 224]‚
696 945 750 998 aut
769 956 826 1017 per
847 938 950 1011 thinx,
973 946 1025 1000 aut
1046 940 1128 1003 circa
1144 940 1244 1014 altare,

169 1040 246 1101 sicut
274 1058 332 1101 nos
358 1038 543 1101 instituimus
565 1030 655 1123 [cup.
676 1037 722 1123 9]:
754 1039 889 1120 ideoque
915 1041 1040 1101 ueniant
1066 1041 1107 1102 ad
1135 1041 1245 1121 palatio

53 1223 55 1231 J
169 1141 208 1202 ad
230 1161 288 1204 nos
310 1146 363 1201 aut
377 1139 429 1219 qui
449 1159 507 1219 pro
522 1147 663 1220 tempore
676 1141 819 1222 prinecps
841 1142 932 1203 luerit
953 1150 1055 1203 terrae
1068 1142 1176 1214 istius,
1198 1162 1244 1205 eos

168 1244 311 1306 absoluat
332 1251 363 1303 et
383 1241 477 1303 faciat
493 1261 600 1303 eornm
615 1249 817 1325 preceptum,
832 1251 863 1306 et
883 1244 944 1306 sint
962 1252 1076 1324 postea
1092 1243 1245 1306 certissimi

166 1344 254 1406 liberi
276 1351 305 1407 et
327 1343 469 1404 absoluti.
940 1336 943 1344 '

252 1447 321 1511 ιιι.
344 1444 394 1505 ιιι.
437 1444 577 1506 Relatum
594 1446 760 1515 ennom,
783 1446 867 1526 quoa
883 1426 1125 1526 aequinoctiis
1141 1447 1244 1528 perne

168 1550 239 1610 etin
252 1547 365 1608 malitia
381 1546 481 1618 astuti,
499 1546 572 1606 dum
588 1565 645 1626 per
661 1566 772 1609 senon
787 1557 1055 1628 presumpsessent
1070 1569 1166 1610 mano
1180 1550 1243 1611 sorti

72 1687 73 1690 =
169 1658 222 1712 aut
241 1649 377 1710 uiolento
391 1648 532 1710 ordinem
546 1648 661 1710 intrare
682 1649 713 1709 in
734 1649 835 1710 uicum
856 1649 959 1710 autin
981 1669 1088 1712 casam
1108 1650 1241 1723 alienam,

166 1752 308 1814 timentes
330 1751 414 1811 illam
435 1750 680 1830 conpositionem
701 1751 812 1831 quein
834 1751 959 1832 antiquo
981 1750 1081 1835 [notu.
1093 1754 1168 1819 279.
1180 1754 1239 1839 280]

167 1854 266 1934 edicto
281 1851 383 1932 posita
394 1859 450 1924 est,
465 1853 602 1913 lecerunt
616 1851 768 1933 collegero
782 1852 923 1916 mulieres
939 1873 1021 1925 suas,
1038 1867 1239 1936 quascumque

166 1955 354 2030 habuerunt,
376 1953 489 2016 liberas
504 1961 534 2014 et
549 1953 690 2027 ancillas,
712 1963 743 2017 et
757 1955 905 2017 miserunt
920 1974 972 2016 eas
988 1974 1082 2035 super
1095 1956 1239 2030 homines,

168 2057 220 2138 qui
239 2057 359 2118 minore
379 2056 537 2118 habebant
558 2055 682 2128 uirtute,
712 2063 743 2117 et
764 2056 1032 2136 adprehendentes
1053 2056 1189 2120 hominis
1209 2060 1242 2119 de

165 2160 235 2240 ipso
257 2159 341 2230 loco,
364 2165 395 2220 et
415 2157 523 2239 plagas
544 2159 695 2228 fecerunt,
718 2157 880 2239 etreliqua
895 2158 1241 2222 mulauiolentoordine

165 2261 235 2341 plus
257 2259 419 2322 crudeliter
440 2279 533 2340 quam
554 2259 612 2321 uiri
634 2267 844 2322 exercuerunt.
890 2260 971 2321 Dum
1000 2267 1104 2322 autem
1127 2260 1185 2323 hoe
1204 2262 1240 2322 ad

166 2384 224 2426 nos
246 2360 444 2443 peruenissit,
466 2368 497 2422 et
516 2361 575 2441 ipsi
596 2361 740 2424 homines
754 2382 815 2442 pro
829 2381 885 2424 sua
899 2361 1055 2434 uiolentia,
1079 2362 1134 2442 qui
1149 2363 1241 2425 minus

163 2467 332 2547 potebant,
369 2463 620 2545 interpellabant:
663 2462 705 2524 ita
736 2463 953 2543 prospeximus
985 2464 1016 2524 in
1048 2463 1112 2524 hoc
1146 2464 1241 2525 edicto

166 2567 317 2649 adfigere,
346 2574 379 2628 ut
400 2565 427 2628 si
448 2566 563 2627 amodo
585 2565 728 2626 mulieres
755 2565 817 2625 hoc
844 2565 948 2626 facere
968 2565 999 2625 in
1022 2565 1242 2647 qualecumque

164 2670 267 2730 locum
282 2667 517 2748 presumpserit,
532 2666 666 2747 primum
681 2665 817 2727 omnium
833 2667 1039 2739 decernimus,
1054 2674 1088 2728 ut
1102 2667 1131 2729 si
1146 2666 1242 2748 alique

124 2802 125 2806 =
164 2770 274 2831 iniuria
296 2776 349 2831 aut
369 2768 587 2848 obprobrium,
615 2776 668 2829 aut
689 2766 797 2848 plagas
819 2768 1013 2840 autiernus,
1042 2776 1095 2830 aut
1116 2775 1242 2831 morton

163 2872 206 2933 ibi
227 2870 414 2950 acceperint,
441 2868 516 2930 nihil
538 2869 578 2930 ad
605 2869 689 2949 ipsas
716 2868 859 2931 mulieres
889 2870 1003 2932 autad
1025 2869 1110 2932 uiros
1133 2870 1243 2932 autad

165 2973 333 3034 mundoald
365 2991 472 3033 earum
505 2978 681 3051 conponant
706 2970 763 3043 illi,
797 2971 849 3051 qui
879 2991 913 3034 se
946 2971 1176 3032 defendendum
1203 2971 1243 3034 eis

164 3075 267 3156 aliqua
287 3073 416 3136 iecerint
435 3072 584 3136 lesionem
607 3080 660 3135 aut
679 3071 921 3135 internicionem.
952 3071 1082 3153 Insuper
1096 3080 1128 3135 et
1141 3074 1245 3154 publi-

164 3197 233 3251 cus,
254 3179 285 3239 in
308 3195 372 3258 quo
390 3176 460 3238 loco
479 3175 594 3237 facturn
615 3173 719 3247 luerit,
741 3174 973 3254 conprehendat
985 3175 1070 3255 ipsas
1091 3175 1244 3248 mulieres,

163 3287 195 3342 et
214 3279 306 3341 iaciat
327 3298 381 3341 eas
404 3278 568 3340 decaluare
589 3284 620 3339 et
639 3277 773 3340 frustare
794 3297 851 3357 per
866 3277 951 3339 uicos
964 3276 1135 3340 uicinantes
1150 3277 1244 3358 ipsius

161 3381 238 3454 loci,
268 3389 301 3444 ut
321 3381 360 3442 de
381 3389 484 3442 cetero
513 3381 658 3442 mulieres
686 3379 748 3440 tale
780 3378 896 3452 malitia
920 3380 1023 3440 lucere
1044 3398 1108 3440 non
1129 3399 1244 3459 presu-

163 3489 258 3548 mant.
298 3483 337 3544 Et
359 3482 385 3544 si
405 3481 436 3542 in
458 3481 526 3561 ipsa
548 3499 642 3543 causa
667 3481 774 3544 feritas
802 3488 855 3542 aut
880 3481 988 3561 plagas
1010 3480 1139 3543 fecerint
1158 3480 1244 3562 ipsae

163 3585 307 3646 mulieres
333 3584 513 3664 cuicumque
533 3582 665 3656 homini,
695 3583 796 3644 mariti
821 3601 929 3643 earum
955 3590 1132 3663 conponant
1158 3582 1244 3663 ipses

162 3687 270 3768 plagas
300 3693 352 3748 aut
377 3684 502 3756 feritas,
537 3703 614 3764 quas
647 3686 736 3764 ipsae
762 3685 918 3755 fecerunt,
952 3683 1122 3745 secundum
1154 3683 1245 3745 eund

161 3789 270 3851 tinore.
299 3787 367 3849 Hoc
388 3795 490 3849 antem
511 3786 583 3849 ideo
603 3785 819 3865 prospeximus
841 3793 905 3846 tam
920 3785 959 3845 de
975 3784 1135 3865 disciplina
1150 3804 1245 3866 ᾳιιιιιιι

163 3891 201 3952 dc
223 3889 449 3971 conpositione,
479 3888 550 3969 quia
575 3907 637 3948 non
662 3887 817 3967 potuimus
844 3888 1006 3949 mulierum
1032 3886 1245 3949 collectionem

162 3995 202 4056 ad
232 3992 365 4056 anschild
394 3991 492 4076 [Roll-
516 3993 564 4055 19.
591 3990 781 4070 Liotpr.35.
806 3989 875 4074 134]
903 3988 1112 4065 consimilem,
1143 4007 1247 4070 neque

163 4096 202 4156 ad
225 4094 408 4157 seditionem
436 4092 661 4154 rusticanorum
690 4091 788 4175 [noel.
811 4090 900 4175 280],
929 4090 1000 4171 quia
1026 4089 1101 4153 istas
1132 4108 1245 4153 causes

163 4196 219 4258 uiri
241 4196 364 4268 faciunt,
386 4213 458 4255 narn
484 4212 547 4254 non
569 4192 726 4254 mulieres:
753 4192 886 4272 ideoque
908 4192 951 4254 sic
974 4193 1012 4252 de
1033 4191 1110 4271 ipsis
1131 4192 1247 4257 mulie-
1276 4214 1279 4218 ·
