2574 4710
143 384 184 446 56
355 377 523 440 EDICTVS
544 376 723 438 nonnam
745 374 830 443 CAP.
851 375 1031 441 275-280.

130 564 272 636 tauerit,
300 570 331 624 ct
358 562 519 643 contigerit
546 581 618 623 eum
641 561 713 623 alibi
738 559 942 632 translatare,
971 557 1057 620 nulla
1084 558 1174 637 eulpa
1199 559 1240 619 rlli

145 666 193 737 sit,
218 665 271 745 qni
293 684 364 725 eum
385 664 472 744 prius
494 664 525 724 in
548 683 622 726 casa
645 682 702 725 sna
724 661 870 741 suscepit.
901 661 982 723 Nam
1005 661 1058 741 qui
1073 661 1238 741 susceperit

145 775 176 829 et
196 786 261 828 non
285 766 489 839 mandauerit,
512 767 624 828 reddat
636 765 739 844 ipsum
755 762 953 842 mancipium,
975 769 1006 824 et
1027 764 1176 824 damnum
1194 764 1237 824 cni

145 868 261 941 fecerit,
284 867 375 930 simul
396 874 428 929 et
449 886 572 946 operas.

231 973 303 1036 276.
347 969 379 1031 Si
401 969 469 1050 quis
493 968 679 1048 mancipium
702 968 803 1030 sciens
829 966 972 1046 fugacem
1000 967 1170 1046 susceperit
1189 976 1232 1030 ant

143 1090 286 1134 *anonam
308 1071 437 1144 dederit,
461 1078 514 1132 aut
536 1069 619 1132 niam
642 1069 822 1141 ostenderit,
845 1077 875 1129 et
897 1067 1069 1148 mancipius
1090 1068 1231 1150 ipsclnga

147 1174 254 1253 lapsus
276 1173 401 1235 inantea
422 1172 544 1253 fugerit,
566 1172 633 1251 ipse
651 1191 721 1232 eum
737 1170 906 1251 perquirat,
929 1169 982 1250 qui
1003 1189 1140 1232 anonam
1161 1173 1230 1235 dedit

149 1283 203 1337 aut
224 1275 307 1336 niam
335 1275 502 1336 ostendere
529 1273 754 1353 praesumpsit;
783 1280 813 1333 et
840 1271 866 1334 si
894 1291 965 1333 enm
991 1291 1055 1333 non
1083 1273 1229 1348 inuenerit,

148 1377 261 1438 reddat
281 1377 415 1456 pretium
438 1375 590 1455 mancipii,
615 1374 706 1437 simul
728 1382 759 1434 et
781 1375 820 1435 de
841 1393 893 1435 res
911 1393 989 1453 quas
1013 1393 1120 1436 secum
1133 1385 1229 1455 portu·

150 1478 243 1554 uerit;
267 1485 298 1539 et
319 1477 345 1539 si
366 1477 527 1539 inuentum
548 1476 649 1549 fuerit,
672 1476 784 1537 reddat
804 1476 905 1555 ipsum
929 1483 960 1536 et
981 1494 1107 1555 operas.

234 1583 305 1646 277.
348 1580 395 1640 De
416 1578 554 1651 haistan,
583 1578 614 1638 id
643 1586 690 1639 est
715 1578 864 1642 furorem.
915 1577 946 1639 Si
975 1577 1044 1658 quis
1070 1577 1102 1638 in
1129 1585 1225 1639 curten

152 1680 284 1742 alienam
307 1680 442 1753 haistan,
464 1681 495 1740 id
519 1691 566 1742 est
587 1679 667 1741 irato
691 1679 805 1752 animo,
827 1680 986 1760 ingressus
1008 1679 1110 1752 fuerit,
1133 1679 1229 1761 uigenti

152 1781 209 1848 sol.
232 1782 276 1843 illi
299 1790 456 1862 conponat
477 1782 563 1843 cuius
586 1781 680 1843 curtis
701 1782 802 1846 luerit.

172 1958 178 1966 ,
236 1885 308 1950 278.
350 1886 397 1945 De
418 1884 574 1956 hoherns,
603 1884 633 1944 id
657 1890 704 1944 est
726 1883 818 1944 curtis
839 1889 980 1961 ruptura.
1022 1883 1133 1945 Mulier
1155 1883 1233 1945 curtis

151 1994 313 2066 rupturam
335 1986 438 2047 lacere
465 2005 528 2046 non
554 1993 671 2065 potest,
702 1985 786 2064 quod
817 1992 865 2046 est
891 1983 1047 2059 hoberos3
1076 1987 1233 2048 absurdum

151 2071 274 2132 uidetur
296 2089 399 2143 essse,
429 2076 463 2131 ut
485 2069 594 2131 mulier
622 2068 733 2141 libera,
763 2075 816 2130 aut
838 2067 967 2141 ancilla,
996 2069 1087 2149 quasi
1109 2069 1235 2131 nircum
1280 2116 1282 2123 .

152 2173 247 2234 armis
269 2173 331 2232 uim
353 2173 458 2232 facere
479 2171 586 2251 possit.

236 2276 308 2340 279.
351 2274 397 2334 De
418 2273 547 2335 concilio
570 2272 809 2336 rusticanorum.
857 2271 888 2330 Si
910 2271 1007 2345 serui,
1035 2271 1065 2331 id
1094 2279 1141 2334 est
1169 2292 1239 2334 con-

153 2374 250 2448 cilius,
273 2394 366 2437 manu
390 2382 510 2436 armata
532 2374 562 2435 in
585 2375 654 2435 uico
677 2372 859 2434 intrauerint
874 2373 913 2432 ad
930 2372 1048 2434 malum
1062 2374 1242 2448 faciendum,

152 2485 183 2538 ct
205 2475 391 2557 quicumque
418 2475 496 2537 liber·
523 2476 620 2537 homo
649 2478 705 2537 sub
737 2475 824 2554 regni
851 2474 949 2536 nostri
980 2474 1101 2536 dicione
1130 2479 1242 2556 positus

154 2577 303 2640 cumillis
326 2579 357 2637 in
381 2577 481 2656 capite
510 2577 616 2648 inerit,
647 2577 770 2638 animae
800 2594 876 2637 suae
904 2575 1039 2638 incurrat
1066 2579 1246 2658 pericnlum,

153 2684 207 2739 aut
228 2685 387 2756 conponat
409 2677 526 2740 solidos
549 2687 739 2759 nongentos,
769 2677 966 2739 medietatem
987 2678 1054 2759 regi
1075 2687 1107 2742 et
1129 2681 1248 2743 medie-

153 2786 250 2840 tatem
266 2777 312 2838 cui
327 2777 437 2840 iniuria
452 2779 547 2840 inlata
570 2789 626 2842 est.
660 2780 749 2841 Serui
770 2779 860 2851 enim,
885 2780 937 2860 qni
959 2799 1027 2841 cum
1048 2781 1120 2861 ipso
1139 2783 1251 2845 fuerint

155 2899 194 2940 ex
216 2880 328 2940 eodem
351 2880 490 2953 concilio,
514 2882 726 2962 unusquisque
749 2881 868 2943 solidos
892 2882 1098 2962 quadraginta
1120 2885 1161 2947 sit
1182 2885 1249 2946 cnl-

154 2980 276 3061 pabilis,
300 2981 497 3043 medietatem
520 2983 584 3063 regi
607 2983 856 3046 etmedietatem
878 2992 1038 3064 utsupra.

238 3084 310 3149 280.
353 3084 399 3143 De
421 3085 647 3146 rusticanorum
670 3085 861 3148 seditionem.
912 3085 942 3147 si
970 3105 1028 3166 per
1055 3107 1253 3170 quacumque

155 3203 248 3246 causa
278 3183 422 3247 homines
451 3186 598 3248 rusticani
620 3207 654 3248 se
682 3187 876 3268 collegerint,
907 3187 937 3247 id
968 3196 1016 3250 cst
1043 3190 1192 3253 concilies
1221 3198 1252 3252 et

154 3286 315 3349 seditionis
329 3288 432 3348 lacere
447 3289 702 3368 presumpserint,
718 3298 749 3351 et
763 3290 943 3368 cuicumque
958 3309 993 3351 se
1008 3293 1253 3376 anteposuerim,

154 3394 208 3450 aut
229 3389 415 3470 mancipium
438 3398 491 3452 aut
512 3390 665 3470 peculium
680 3391 720 3450 de
743 3410 836 3452 manu
851 3390 997 3464 tullerint,
1018 3384 1103 3472 quod
1121 3395 1251 3456 decana

154 3490 237 3550 serui
260 3489 306 3552 sui
329 3491 472 3554 dominus
499 3493 609 3554 tollere
631 3492 776 3554 uoluerit:
807 3500 878 3554 tunc
898 3492 949 3553 ille
971 3493 1075 3573 quiin
1097 3506 1191 3576 caput
1213 3515 1252 3558 ex

152 3590 228 3671 ipsis
251 3591 372 3654 rusticis
393 3593 494 3668 fuerit,
518 3603 571 3656 aut
592 3594 749 3656 occidatur
771 3600 824 3655 aut
845 3594 977 3657 redimat
992 3596 1129 3659 animam
1152 3619 1254 3668 suam,

155 3700 304 3772 quantum
340 3694 531 3773 adpretiatus
563 3696 670 3773 luerit3
711 3702 741 3757 et
770 3696 983 3777 unusquisqne
1011 3699 1063 3779 qui
1090 3699 1122 3760 in
1149 3701 1253 3781 ipsam

153 3794 339 3856 seditionem
369 3797 536 3859 cucurrerit
563 3798 601 3859 ad
638 3797 752 3859 malum
782 3797 971 3870 iaciendum,
1004 3810 1164 3881 conponat
1193 3803 1250 3865 sol.

153 3897 331 3969 duodecim,
362 3898 556 3960 medietatem
579 3898 644 3980 regi
666 3907 697 3960 et
719 3899 916 3961 medietatem
944 3901 992 3962 cui
1012 3903 1122 3965 iniuria
1144 3904 1256 3965 fecerit

153 4008 206 4062 aut
235 4019 269 4062 se
298 4008 488 4080 anteponere
517 4000 752 4081 presumpserit.
794 4003 834 4063 Εῖ
861 4003 887 4065 si
912 4003 962 4065 ille
989 4005 1042 4085 qui
1066 4025 1133 4066 rem
1162 4026 1254 4069 suam

153 4120 304 4181 quaerere
331 4110 385 4164 aut
413 4121 546 4184 exegere
572 4101 710 4176 uidetur,
741 4106 779 4164 ab
807 4105 882 4185 ipsis
912 4106 1032 4169 rusticis
1060 4106 1168 4171 feritas
1199 4115 1257 4170 ant

148 4203 259 4285 plagas
280 4204 363 4265 iacta
384 4204 543 4279 habuerit,
567 4204 644 4267 sicut
665 4204 806 4285 superius
830 4205 911 4290 lcap.
934 4210 975 4275 43
997 4208 1078 4293 sqq]
1101 4216 1252 4272 statutum
