2574 4710
94 338 154 404 184
313 349 315 353 ’
342 406 344 412 ,
376 335 501 398 LEGES
523 333 888 398 LANGOBARDORVM.
921 398 927 406 ,

93 521 188 585 uestri
210 528 241 583 et
262 521 346 581 dom.
375 520 457 601 sergi
487 519 548 581 abii
568 518 679 591 uestri,
709 518 736 581 si
756 524 845 598 parte
866 525 975 580 nostra
1003 517 1176 598 neapolita-

93 644 204 686 norum
226 623 337 684 exinde
361 621 572 702 requisitionis
599 620 768 683 habueritis
795 619 1014 694 intentionem,
1045 640 1103 682 uos
1129 629 1177 683 aut

93 726 236 788 homines
259 724 369 786 uestris
392 724 418 786 si
440 723 508 786 ausi
527 722 644 785 fueritis
674 723 746 784 inde
773 722 893 795 iurare,
919 721 1022 783 iurent
1049 741 1069 783 a
1094 729 1178 802 parte

94 837 200 890 uestra
219 826 484 908 langobardorum
506 845 562 887 sex
582 825 725 888 homiues
747 824 875 896 uestris,
908 823 1016 904 quales
1039 843 1099 885 nos
1120 844 1177 886 uc-

94 930 258 1003 luerimus,
295 929 335 991 ad
368 934 475 990 saneta
509 927 559 988 dei
592 926 752 1008 euangelia
784 927 935 988 dicentes:
971 925 1074 1000 „Quia
1106 925 1178 988 istae
1210 983 1213 988 .

95 1032 261 1106 cessiones,
283 1049 364 1111 quae
386 1029 588 1106 ostendimus,
611 1048 738 1091 ueraces
754 1037 856 1094 sunt“.
884 1028 923 1090 Et
936 1034 1009 1090 tunc
1022 1025 1081 1088 fiat
1095 1027 1176 1092 uobis

96 1152 115 1194 a
136 1139 225 1213 parte
246 1139 354 1194 nostra
374 1131 528 1194 firmitatis
551 1131 675 1212 scriptio
698 1130 823 1205 exinde,
851 1136 886 1191 ut
907 1128 1041 1209 amphus
1063 1128 1177 1198 nonsit

95 1236 185 1298 uobis
208 1234 414 1315 requisitionis
437 1234 574 1297 causatio
591 1236 629 1294 de
649 1233 724 1314 ipsis
740 1234 832 1294 rebus
848 1237 879 1293 et
892 1230 991 1294 seruis
1008 1238 1040 1292 et
1059 1231 1177 1306 ancillis

97 1357 176 1419 quos
192 1345 223 1398 et
244 1356 322 1417 quas
344 1334 494 1415 praedicti
516 1335 675 1397 continunt
695 1334 886 1396 cessionesa
908 1332 1051 1413 partibus
1071 1333 1177 1397 nostris

95 1439 374 1520 neapolitanorum,
397 1445 427 1499 et
448 1437 540 1498 liceat
561 1456 617 1498 uos
640 1456 694 1499 eas
715 1437 833 1498 habere
855 1435 1011 1501 securiter.

180 1570 209 1632 4.
252 1566 291 1627 Et
312 1585 392 1646 quae
413 1586 470 1646 per
497 1565 647 1627 cartulam
673 1565 836 1646 emptionis
865 1585 921 1628 seu
950 1522 1191 1626 conuenientiae⁸

96 1670 148 1732 uel
176 1667 334 1730 diuisionis
362 1667 486 1730 habetis
509 1675 540 1728 et
566 1667 709 1730 homines
732 1668 844 1730 uestris
866 1687 884 1728 a
906 1666 1046 1746 partibus
1070 1667 1173 1729 nostris

97 1770 384 1851 neapolitanorum,
423 1769 448 1831 si
476 1788 495 1830 a
521 1778 610 1849 parte
639 1779 747 1832 nostra
776 1769 1046 1849 neapolitanorum
1077 1768 1174 1830 exinde

97 1871 304 1954 requisitionis
326 1871 527 1932 intentionem
554 1871 723 1934 habueritis
752 1892 809 1934 uos
822 1954 825 1960 Ι
838 1879 869 1934 et
893 1871 1037 1933 homines
1065 1870 1169 1945 nesbit,

98 1976 125 2038 si
147 1975 214 2037 ausi
235 1974 352 2035 fueritis
374 1973 446 2033 inde
466 1973 579 2046 iurare,
600 1974 702 2035 iurent
722 1993 741 2035 a
762 1980 852 2054 parte
879 1979 984 2034 uestra
1011 1962 1171 2053 langobar-

99 2078 210 2138 dorum
231 2084 293 2138 tres
320 2076 461 2138 homines
488 2075 599 2137 uestris
622 2076 660 2136 de
687 2094 742 2137 sex
770 2075 961 2148 hominibus,
990 2073 1100 2156 quales
1127 2092 1173 2134 nos

98 2179 187 2240 uobis
210 2179 380 2258 querimus,
408 2175 448 2239 ad
478 2184 583 2240 sancta
612 2178 786 2259 euangelia,
813 2178 961 2240 dicentes:
992 2176 1088 2257 „quia
1108 2176 1174 2238 istae

99 2281 245 2353 cartulae,
267 2299 348 2361 quae
363 2279 562 2367 ostendimus,
586 2299 712 2343 ueraces
728 2286 807 2352 sunt,
830 2288 860 2341 et
874 2281 958 2360 ipsas
973 2288 1086 2354 terras,
1109 2296 1174 2360 ques

98 2381 178 2444 istae
200 2382 335 2444 cartulae
357 2381 524 2454 continuet,
547 2381 742 2461 possidemus
766 2392 850 2448 eas⁴‘.
885 2383 923 2443 Et
936 2392 1009 2444 tune
1023 2381 1082 2443 fiat
1096 2379 1173 2442 nobit

100 2483 211 2545 exinde
233 2503 252 2545 a
272 2491 361 2564 parte
382 2493 490 2545 nostra
503 2483 656 2545 firmitatis
672 2482 797 2563 scriptio
813 2485 851 2544 de
866 2484 982 2546 eunctis
996 2485 1092 2545 rebus
1106 2483 1175 2544 illius

101 2604 181 2665 quae
210 2586 387 2665 praedictae
413 2585 576 2664 emptionis
605 2604 660 2646 sen
688 2585 922 2649 conuenientiae
941 2587 993 2648 uel
1018 2585 1174 2648 diuisiones

32 2707 34 2711 ’
101 2687 265 2760 continent,
288 2696 319 2748 et
339 2687 524 2767 possideatis
548 2705 601 2748 eas
624 2687 779 2752 securiter.

185 2826 214 2888 5.
256 2824 303 2884 De
335 2825 476 2886 omnibus
509 2843 584 2886 uero
618 2824 684 2886 eliis
717 2827 833 2899 causis,
868 2826 951 2886 unde
983 2824 1179 2887 intentionem

100 2923 270 2987 habueritis
292 2946 348 2987 uos
372 2933 425 2987 aut
444 2915 586 2988 homines
610 2928 706 2990 uestri
726 2928 886 2990 nobiseum
907 2933 960 2988 aut
979 2946 1049 2988 cum
1071 2925 1180 2990 nostris

102 3026 287 3100 hominibus,
315 3027 516 3091 iudicauimus
539 3029 628 3091 uobis
651 3029 762 3117 exinde
784 3031 902 3109 absque
924 3029 1008 3090 omni
1030 3030 1182 3101 dilatione,

104 3130 274 3190 secundnm
301 3130 401 3210 legem
429 3150 631 3191 romanorum
660 3141 712 3193 aut
747 3132 1029 3211 langobardorum,
1067 3134 1182 3213 absque

103 3231 186 3291 omni
209 3231 362 3294 malitiosa
384 3231 590 3294 occasionem.

186 3373 216 3435 6.
260 3371 290 3431 Si
311 3390 387 3432 uero
403 3372 513 3434 uestris
532 3371 709 3434 hominibus
723 3371 923 3433 intentionem
938 3370 1104 3432 habuerint
1118 3391 1184 3432 curn

104 3471 216 3533 uostris
238 3471 415 3536 homiuibus
439 3473 636 3553 neapolitani,
659 3481 712 3535 aut
734 3473 800 3535 aliis
823 3471 1000 3534 hominibus
1017 3473 1133 3535 nostris
1148 3473 1185 3534 de

103 3572 192 3634 terris
215 3572 246 3632 in
268 3572 409 3652 liburias,
439 3596 532 3655 quam
555 3583 752 3655 comparatas
773 3575 898 3647 habent,
920 3576 1120 3637 ostendentes
1142 3575 1184 3637 eis

104 3672 246 3736 homines
258 3676 372 3738 nostris
386 3677 528 3750 cartulas,
544 3678 702 3757 quomodo
715 3683 910 3756 comparatas
925 3675 1042 3737 habent
1056 3677 1186 3737 eandem

105 3783 204 3838 terras
236 3796 254 3837 a
280 3778 496 3858 langobardis,
530 3785 561 3840 et
588 3787 696 3840 auctor
722 3777 874 3858 paruerit,
905 3777 930 3839 si
958 3776 1185 3840 manifestatum

104 3877 217 3938 fuerint
232 3884 262 3939 et
283 3879 418 3940 uenditio
440 3881 509 3959 ipsa
532 3900 621 3942 ueras
639 3880 685 3953 sit,
708 3888 738 3940 et
752 3880 893 3940 uenditor
906 3878 956 3939 ille
969 3880 1056 3942 iuxta
1071 3887 1186 3942 textum

106 3981 241 4042 cartulae
263 3981 429 4041 defendere
450 3983 592 4062 potuerit,
613 4001 687 4062 pars
709 3988 816 4043 nostra
834 3982 949 4043 habeat
962 3988 1078 4042 terram
1093 3981 1186 4046 illam.

105 4081 180 4143 Etsi
202 4081 368 4143 defendere
382 4102 446 4143 non
467 4083 602 4162 potuerit
623 4084 791 4145 secundum
811 4083 880 4164 ipsa
902 4082 1028 4156 cartula,
1050 4089 1186 4145 autnon

106 4183 251 4257 uoluerit,
278 4191 308 4244 et
334 4185 494 4264 negauerit
519 4185 602 4265 quod
629 4186 696 4266 ipse
725 4204 794 4246 eam
820 4205 883 4247 non
908 4185 1032 4248 lecisset
1058 4192 1089 4246 et
1113 4203 1185 4265 pars
