2574 4710
146 349 205 412 194
350 421 352 424 Α
431 342 555 403 LEGES
578 339 945 404 Lunuossnnuomnl.

144 536 178 591 ut
206 547 269 588 non
296 527 398 605 ipsum
426 525 579 587 cauallum
609 534 663 587 aut
690 528 804 586 bouem
835 523 1042 596 uendidisset,
1079 530 1110 584 et
1143 522 1186 584 illi
1210 525 1237 584 iu

146 649 278 711 quorum
296 628 476 707 'praesentia
493 628 636 688 ueriditus
651 627 751 698 fuerit,
775 625 857 710 [sint]
873 644 1031 705 personae
1046 625 1148 696 utiles,
1172 627 1237 706 qui-

146 734 203 792 bus
226 730 370 790 credatur
393 732 511 808 absquo
535 728 673 800 crimine,
703 749 764 789 non
786 728 903 788 habeat
923 727 1081 788 licentiam
1104 726 1238 788 uenditor

146 831 296 913 negandi3
320 841 367 892 set
388 831 431 890 illi
453 838 526 901 tros,
550 831 575 892 si
598 830 711 891 fuerint
732 829 795 889 fide
818 829 929 909 dignae
952 847 1121 908 personae,
1147 848 1238 909 prae-

146 937 241 995 beant
264 941 473 1011 sacramenta,
497 933 590 1012 „qnia
611 932 641 991 in
664 940 772 993 nostra
794 931 973 1011 praesentia
994 930 1193 1002 uendidistis,
1214 940 1238 1018 et

148 1044 267 1098 tantum
289 1034 424 1115 precium
448 1034 596 1107 tulistis“;
620 1042 690 1095 tunc
712 1034 825 1095 reddat
847 1034 930 1113 quod
953 1031 1037 1109 tulit,
1060 1039 1099 1093 et.
1113 1031 1158 1092 illi
1178 1039 1237 1093 tra-

149 1139 239 1198 datur
266 1137 314 1197 cui
341 1136 478 1197 cauallus
507 1144 559 1197 aut
588 1138 645 1197 hos
673 1136 780 1209 fuerit3
812 1135 855 1196 sic
882 1142 1003 1208 tamen,
1034 1142 1068 1195 ut
1089 1153 1156 1195 nou
1177 1152 1237 1194 eun

149 1259 259 1301 sanum
282 1239 364 1317 apud
381 1256 414 1298 se
438 1237 583 1300 detineat.
616 1238 655 1297 ut
670 1236 695 1298 si
717 1236 873 1298 noluerint
894 1242 1041 1314 parentes
1059 1243 1114 1296 aut
1132 1236 1237 1296 domini

150 1341 214 1402 eius
237 1361 315 1400 enm
329 1340 473 1413 liberare,
501 1340 573 1401 dent
596 1341 729 1418 pretium
752 1337 817 1399 eius
840 1338 919 1400 sicut
940 1337 1085 1418 superius
1110 1336 1236 1398 affictum

139 1451 213 1514 .est;
241 1449 271 1502 et
291 1441 342 1502 ille
365 1441 449 1502 ouius
473 1440 612 1502 cauallus
636 1447 689 1500 aut
709 1442 767 1501 bos
790 1439 895 1510 fuerit,
925 1458 976 1500 res
1006 1459 1080 1501 suas
1109 1438 1236 1520 recipiat.

151 1544 182 1603 Si
205 1562 280 1603 uero
309 1542 470 1621 contigerit
491 1550 562 1604 ante
587 1541 734 1603 iustitiam
756 1541 870 1601 factam
891 1540 994 1619 ipsum
1018 1540 1175 1625 cauallum
1196 1549 1235 1602 ant

150 1647 264 1705 bouem
293 1643 388 1714 mori,
419 1645 471 1709 det
497 1642 629 1722 pretium
655 1662 713 1721 pro
743 1642 863 1703 cauallo
890 1641 1010 1703 solidos
1039 1650 1111 1702 octo
1136 1648 1166 1702 et
1189 1661 1234 1720 pro

151 1748 234 1806 boue
262 1743 379 1806 solidos
411 1754 558 1824 quatuor,
592 1751 622 1804 et
647 1763 706 1822 pro
736 1744 797 1805 hoc
830 1743 964 1823 capitulo
998 1742 1093 1807 nichil
1121 1743 1235 1823 accipiat

150 1847 244 1907 iudex
265 1846 324 1907 loci
345 1844 435 1911 illius

237 1950 286 2013 16.
331 1947 417 2029 †Sed
440 1948 500 2009 hoe
522 1948 739 2028 promittimus,
763 1956 879 2009 utnon
902 1967 959 2028 pro
984 1947 1096 2027 quouis
1120 1966 1234 2009 excessu

151 2050 347 2111 barbaricum
368 2051 481 2122 lacere,
505 2058 557 2110 aut
577 2069 667 2111 cursa
683 2049 803 2111 mittere
818 2059 889 2111 ante
902 2048 1046 2128 primam,
1071 2049 1234 2120 secundam,

152 2152 275 2213 tertiam
298 2160 328 2212 et
350 2160 493 2232 quartam
516 2153 788 2226 contestationem3
812 2160 842 2213 et
865 2152 889 2213 si
911 2151 1150 2213 homicidiuma
1170 2171 1235 2232 par-

152 2254 234 2315 tibus
256 2254 394 2332 prouenit
417 2261 446 2314 et
468 2253 593 2313 minime
615 2253 765 2314 iusticiam
786 2274 805 2314 a
826 2253 966 2332 partibus
987 2253 1070 2313 infra
1091 2253 1234 2314 tricesimo

154 2356 203 2415 die
225 2355 307 2416 iacta
327 2355 427 2427 fuerit,
451 2355 528 2416 sieut
543 2355 684 2434 superins
705 2356 925 2434 scriptumest,
949 2354 1032 2416 sitin
1048 2355 1111 2416 hoc
1126 2364 1236 2434 pactum

154 2456 284 2521 solutus.
335 2457 382 2516 De
412 2457 477 2518 aliis
507 2476 582 2517 uero
613 2456 767 2535 capitulis,
798 2475 878 2536 quae
907 2456 987 2516 infra
1015 2456 1099 2516 hunc
1126 2463 1238 2536 paetum

155 2558 291 2620 affictum
310 2567 365 2629 est,
389 2558 513 2618 minime
536 2558 740 2632 dissoluatur3
764 2566 811 2619 set
832 2557 942 2619 firmus
958 2564 989 2618 et
1011 2558 1131 2620 stabilis
1153 2576 1239 2638 usque

154 2661 185 2720 in
208 2659 384 2739 prefinitum
407 2667 530 2738 tempus
554 2660 666 2720 debeat
687 2679 881 2739 permanere,
905 2660 929 2720 si
952 2678 989 2720 ea
1012 2660 1147 2739 quaein
1169 2659 1240 2720 hunc

154 2758 405 2841 pactumafficta
427 2768 507 2833 sunt,
529 2761 748 2822 inuiolabiliter
770 2770 988 2823 conseruatum
1011 2761 1112 2825 luerit.

243 2864 290 2927 17.
335 2861 421 2942 lSed
442 2862 504 2923 hoc
526 2864 618 2934 stetit,
645 2870 677 2923 ut
699 2863 725 2925 si
749 2863 816 2943 quis
840 2882 859 2923 a
881 2863 1019 2942 partibus
1041 2882 1100 2942 pro
1124 2863 1242 2943 pignore

155 2963 367 3042 pignorauerit
383 2970 454 3023 ante
469 2963 620 3026 iusticiam
636 2965 760 3037 factam,
775 2946 888 3026 reddat
902 2965 1021 3045 pignus,
1038 2971 1068 3024 et
1083 2971 1245 3043 componat

156 3064 274 3126 solidos
298 3064 471 3130 duodecim.

241 3167 289 3230 18.
334 3166 419 3246 iSed
437 3174 467 3227 et
480 3165 542 3227 hoc
556 3166 672 3244 placuit
694 3175 787 3247 atque
810 3166 963 3239 conuenit,
987 3174 1020 3228 ut
1035 3168 1138 3231 nullus
1154 3167 1246 3229 homo

156 3285 282 3328 causam
305 3287 362 3346 pro
385 3286 480 3329 eausa
503 3275 688 3346 anteponat;
712 3269 766 3330 sed
789 3269 842 3329 ubi
865 3268 948 3347 prins
965 3287 1060 3331 causa
1082 3270 1244 3349 quaeritur,
1266 3306 1271 3316 ·

154 3368 249 3429 faciat
273 3368 425 3430 iusticiam
456 3369 626 3449 quaestioni
653 3371 719 3432 sine
749 3370 811 3431 nlla
841 3370 1057 3449 apposicione3
1087 3391 1161 3433 nam
1188 3391 1245 3432 nou

155 3469 271 3529 habeat
293 3469 451 3532 licenciam
476 3470 608 3531 dicendi:
638 3471 731 3551 „quia
754 3472 779 3533 si
802 3491 865 3532 non
887 3471 991 3533 reddis
1014 3471 1175 3543 hoc,'non
1198 3471 1247 3533 tibi

109 3616 111 3618 -
155 3569 268 3630 faciam
296 3571 480 3636 iusticiam.⁴‘
522 3573 561 3633 Et
589 3573 615 3634 si
643 3574 712 3652 quis
742 3593 798 3653 pro
827 3573 880 3634 tali
907 3574 1072 3634 occasione
1098 3573 1246 3636 iusticiam

46 3747 48 3750 ι
154 3671 259 3732 facere
282 3671 440 3746 distulerit,
464 3682 536 3735 tunc
558 3673 713 3736 districtus
735 3674 894 3736 iusticiam·
908 3675 1010 3748 faciat,
1031 3684 1062 3736 et
1083 3682 1248 3755 componat

155 3782 287 3854 negator
307 3773 460 3836 iusticiam
482 3776 700 3855 quaerentibus
724 3776 842 3837 solidos
865 3796 930 3841 sex.
977 3810 978 3813 =

242 3877 291 3940 19.
335 3877 396 3956 iEt
417 3877 479 3938 hoe
499 3877 720 3956 promittimus,
751 3885 784 3938 ut
811 3878 863 3938 ubi
891 3877 1049 3939 uolueritis
1080 3877 1247 3939 exercitare

156 3977 186 4036 in
216 3977 275 4037 alia
303 3977 414 4038 durata
448 3978 635 4057 pertinencia
669 3980 792 4041 ducatui
823 3987 928 4042 uestro
961 3979 1161 4058 neapolitano
1194 3996 1247 4058 per

154 4083 272 4137 terram
288 4077 381 4139 nobis
394 4079 573 4152 subiectam,
596 4082 712 4143 nnllam
733 4081 903 4143 laesionem
920 4101 939 4142 a
954 4080 1127 4161 principatu
1143 4089 1246 4144 nostro

156 4179 371 4239 beneuentano
393 4179 424 4239 in
448 4181 560 4242 ducatu
582 4190 688 4244 uestro
711 4183 910 4262 neapolitano
925 4184 975 4243 uel
989 4183 1020 4243 in
1043 4185 1158 4246 cunctis
1173 4182 1246 4244 fini-

156 4281 223 4352 bus,
246 4288 329 4341 terra
352 4282 493 4362 marique
514 4302 572 4361 pro
597 4283 705 4362 quauis
728 4284 789 4347 alia
811 4284 973 4346 occasione
996 4287 1034 4346 ab
1057 4284 1144 4346 homi
1155 4331 1243 4350 .....
