2574 4710
93 344 134 406 64
313 340 480 403 EDICTVS
501 339 681 403 ROTHARI
702 339 786 402 CAP.
807 342 986 407 ata-347.

92 526 264 607 proprium.
307 526 393 588 Etsi
416 525 688 599 mortnnsluerit,
719 526 808 606 signa
835 526 875 586 de
900 526 971 607 ipso
998 527 1085 588 eurio
1110 544 1177 588 eun-
1225 602 1228 617 Ι

93 629 197 700 seruit,
220 637 254 689 ut
268 646 339 688 cum
353 628 474 704 uenerit
488 634 590 689 eertns
606 627 761 699 dominus,
783 627 901 690 habeat
922 628 1007 708 quod
1029 630 1057 689 ei
1080 635 1179 690 usten-

94 731 197 805 deret3
220 749 293 791 nam
315 730 342 792 si
364 730 424 791 ista
445 729 615 791 neclexerit
637 738 669 790 et
688 730 849 815 inuentum
869 729 971 802 inerit,
994 729 1053 791 sibi
1075 749 1181 791 nonum

93 853 165 894 eum
187 832 312 905 reddat,
342 839 372 893 et
394 832 420 893 si
443 831 504 893 ista
526 832 648 893 cantela
669 833 903 906 obseruanerit,
925 833 966 894 sit
989 832 1148 893 absolutus
1167 851 1182 894 u

93 934 257 997 calumnia.

177 1039 250 1102 344.
292 1036 339 1096 De
360 1035 482 1116 peculio
504 1041 574 1096 astu
596 1036 628 1095 in
651 1034 767 1096 damno
783 1034 890 1098 misso.
921 1035 954 1097 Si
971 1035 1040 1115 quis
1057 1034 1184 1098 caballus

93 1147 147 1200 aut
175 1145 317 1200 armenta
344 1145 413 1199 asto
442 1136 547 1199 animo
576 1137 607 1196 in
637 1155 739 1199 messe
766 1137 869 1200 aliena
895 1145 952 1199 ant
969 1139 1002 1198 in
1028 1144 1121 1217 prato
1143 1138 1184 1197 uel

95 1245 126 1302 in
153 1241 295 1322 quelibet
323 1240 472 1300 damnum
499 1238 634 1313 miserit,
664 1248 821 1318 conponat
849 1247 1030 1320 per-eaput
1060 1239 1184 1300 solidum

94 1363 198 1414 unum,
221 1350 352 1421 exceptu
369 1343 526 1414 damnum,
550 1342 628 1404 sieut
650 1342 834 1403 arbitratum
855 1341 957 1413 suerit,
979 1348 1011 1402 et
1032 1340 1094 1402 loci
1115 1359 1184 1402 enn-

96 1445 227 1507 suetudu
253 1443 334 1528 [cup.
357 1443 430 1527 346]
454 1450 514 1505 est:
549 1444 594 1504 sie
616 1450 721 1504 tamen
752 1445 779 1504 si
806 1452 915 1523 paster
944 1462 1008 1504 nun
1035 1442 1182 1504 ausauen't

94 1547 214 1621 iurare,
242 1545 327 1626 quod
349 1551 419 1606 asto
442 1544 546 1606 animo
568 1563 630 1605 nnn
653 1545 804 1619 misisset;
837 1545 865 1607 si
885 1544 1049 1620 iurauerit,
1073 1545 1115 1606 sit
1136 1562 1183 1604 ex-

94 1649 216 1711 solutus
238 1666 258 1708 a
280 1647 378 1727 culpa,
401 1655 505 1708 tamen
529 1647 677 1708 damnum
699 1654 866 1726 conponat.

178 1752 250 1813 345.
294 1749 325 1810 Si
342 1749 411 1830 quis
426 1753 541 1828 porcils
565 1756 619 1809 aut
639 1767 754 1828 pecora
770 1758 838 1811 astu
862 1749 966 1811 animo
988 1750 1020 1810 in
1044 1749 1185 1810 damnum

95 1850 221 1912 alterius
238 1849 364 1923 miserit,
386 1858 417 1911 et
432 1871 466 1913 se
481 1869 543 1911 non
559 1852 718 1913 ausauerit
733 1852 890 1926 eduniare‚
913 1857 1073 1931 conponat
1092 1849 1185 1912 solide

95 1970 167 2024 unu,
190 1961 320 2032 exceptu
343 1953 469 2018 damno.

179 2057 249 2121 346.
295 2054 326 2115 Si
354 2055 422 2136 quis
450 2057 605 2135 peculium
636 2056 675 2116 de
704 2057 820 2116 damno
848 2055 889 2116 ad
917 2055 1062 2117 clausura
1089 2053 1187 2114 mina·

96 2156 190 2228 uerit,
226 2164 256 2217 et
284 2156 335 2216 ille
364 2158 451 2218 cuins
484 2157 623 2237 peculius
646 2166 707 2232 est,
737 2160 765 2218 ei
796 2157 1006 2232 antesteterit‚
1034 2161 1188 2237 conponat

96 2259 231 2322 solidum
252 2279 365 2331 unum,
390 2266 519 2337 excepto
544 2260 672 2333 damno',
695 2267 729 2320 ut
750 2259 933 2321 arbitratum
954 2258 1058 2324 luerit.
1109 2255 1188 2318 Etsi

96 2362 127 2421 in
155 2369 273 2422 curtem
299 2361 535 2441 perminauerit,
567 2369 639 2422 tune
666 2362 718 2422 ille
745 2365 832 2422 cuius
865 2360 1003 2440 peculias
1031 2368 1081 2422 est
1107 2365 1189 2440 reget

96 2481 182 2536 eum,
205 2469 237 2523 ut
259 2462 287 2523 ei
309 2463 475 2536 reddatnr3
506 2466 551 2524 sic
574 2472 677 2525 tamen
700 2471 734 2524 ut
755 2463 799 2524 dit
825 2466 937 2543 pignus
967 2481 1024 2542 per
1052 2460 1187 2523 ultimum

96 2565 219 2625 ualente
242 2564 371 2644 siliquas
394 2571 472 2637 tres,
503 2572 556 2625 aut
582 2573 665 2626 certe
687 2564 905 2627 fideiussorem
934 2567 992 2626 sub
1019 2562 1075 2625 tali
1095 2562 1188 2634 titulo,

97 2673 131 2726 ut
152 2666 300 2726 damnum
328 2666 412 2746 quud
440 2666 623 2727 arbitratum
652 2668 745 2729 luerit
771 2674 978 2747 conponatur,
1011 2672 1065 2727 aut
1086 2663 1189 2726 tabula

97 2767 179 2851 [cup.
202 2766 286 2851 344}
319 2786 399 2847 quae
428 2768 508 2828 inter
536 2768 654 2831 uicinus
683 2777 740 2835 est.
789 2770 828 2832 Et
853 2769 880 2831 si
900 2768 1011 2849 pignus
1034 2766 1190 2846 suscipere

96 2869 244 2941 noluerit,
278 2876 308 2930 et
330 2888 391 2930 una
413 2877 505 2930 nocte
531 2871 685 2950 peculium
712 2879 784 2950 post
812 2891 846 2934 se
862 2870 1013 2944 tenuerit,
1037 2865 1191 2949 conponat

96 2970 197 3040 solide
220 2991 294 3033 uno.
336 2973 423 3034 Etsi
447 2974 511 3047 ille,
542 2973 626 3034 euius
655 2973 793 3052 peculius
823 2980 885 3046 est,
913 2980 1022 3034 tenens
1050 2972 1191 3033 duritiam
1224 2953 1227 2962 ⁸

97 3074 200 3135 cerdis
224 3093 295 3134 eum
316 3075 450 3136 liberare
472 3074 652 3154 dispexerit,
673 3084 747 3136 tune
766 3074 883 3136 habeat
904 3094 975 3134 eum
997 3075 1065 3150 ille,
1089 3075 1191 3155 quiin

97 3177 246 3237 damnum
267 3177 399 3251 inuenit,
429 3195 544 3237 nouem
566 3177 682 3251 noctis3
714 3196 797 3257 aqua
820 3185 939 3238 tantum
961 3177 989 3237 ei
1011 3177 1072 3250 dit,
1101 3185 1133 3238 et
1155 3177 1191 3237 de

97 3279 246 3340 damnum
267 3279 298 3338 in
328 3279 389 3340 huc
418 3279 475 3339 sibi
505 3278 545 3340 sit
566 3287 741 3351 contentus,
769 3298 808 3340 eu
836 3279 921 3359 quud
950 3297 1064 3340 nouem
1093 3281 1190 3341 noetis

95 3381 199 3461 ipsum
220 3381 374 3461 peculium
395 3383 501 3442 tenuit
549 3381 588 3441 Et
609 3381 636 3443 si
657 3399 696 3441 ex
717 3381 786 3461 ipsu
816 3381 936 3461 peculio
965 3377 1080 3461 aliquid
1104 3401 1192 3442 mor-

96 3491 183 3543 tuum
217 3483 326 3555 fuerit,
364 3483 578 3564 neglegentiae
611 3501 686 3544 suae
720 3483 852 3563 reputit,
891 3484 942 3564 qui
978 3483 1192 3565 dispignerare

95 3584 239 3664 neglexit.

180 3689 251 3750 347.
295 3687 327 3748 Si
349 3687 510 3749 huminem
531 3688 694 3749 iterantem
710 3688 847 3750 caballus
867 3696 921 3749 aut
935 3687 1081 3768 quislibet
1094 3706 1193 3768 pecn-

95 3786 154 3848 lius
177 3796 299 3850 secutus
321 3790 429 3862 fuerit,
457 3798 488 3851 et
508 3791 559 3851 ille
582 3809 674 3870 quem
696 3790 849 3870 sequitur,
878 3790 910 3850 in
932 3790 1065 3871 ligamen
1088 3796 1142 3851 aut
1163 3790 1194 3850 in

96 3889 240 3952 clausura
263 3909 333 3951 eum
357 3893 488 3965 miserit,
514 3892 582 3973 ipse
610 3911 681 3953 enm
710 3892 831 3953 saluum
858 3892 968 3964 faeiat,
998 3893 1077 3954 sieut
1098 3910 1195 3971 supra

97 3991 179 4075 [cup.
194 3991 267 4077 343]
291 3995 491 4056 constitutum
513 4001 569 4065 est,
592 4000 625 4054 ut
645 3993 787 4055 ueniente
808 3994 938 4074 propriu
954 3993 1082 4055 domino
1097 3993 1195 4056 resti-

96 4099 171 4159 tuat.
213 4094 293 4156 Nam
320 4096 346 4158 si
375 4115 507 4176 sequere
534 4096 648 4176 coepit,
678 4102 709 4156 et
730 4114 764 4158 se
787 4096 827 4157 de
853 4095 903 4157 uia
930 4095 1081 4171 turnauit,
1110 4095 1194 4157 nulla

97 4195 135 4256 sit
157 4196 248 4276 eulpa
270 4196 322 4271 illi,
346 4217 438 4279 quem
461 4216 594 4278 sequere
616 4197 727 4276 eoepit.
