2574 4710
304 111 469 176 EDICTVS
490 110 670 173 ROTHARI
692 110 773 173 CAP.
797 113 974 178 339—343.
1150 113 1191 178 63

91 298 195 380 ipsum
217 298 261 360 illi
282 297 418 369 homini‚·
437 296 489 377 qui
512 298 539 358 ei
562 296 712 358 lesionem
733 296 821 369 lecit,
849 302 882 357 ut
903 297 971 376 ipse
993 316 1063 358 eum
1086 306 1191 375 sanet;

93 410 124 464 et
144 401 220 462 dum
240 399 343 479 ipsum
366 417 478 461 sanare
499 400 652 478 potnerit,
682 399 736 460 det
754 397 797 460 illi
826 417 917 460 sunm
944 400 1105 480 proprium
1133 419 1192 462 ca-

94 503 222 576 nallum‚
245 501 376 582 qualiter
397 520 497 581 osque
511 519 601 563 snam
622 500 717 563 faciat
737 500 907 567 utilitatem.
936 501 974 563 Et
996 502 1022 565 si
1044 503 1192 576 conallus,

95 609 146 687 qul
169 606 253 667 lesus
275 603 341 675 luit,
363 604 404 664 ad
425 602 588 683 pristinam
610 602 736 664 redierit
758 603 931 677 sanitatem,
959 606 1069 668 reddat
1090 605 1192 686 ipsum

95 707 224 789 proprie
253 704 398 781 domino;
431 706 457 767 si
487 712 589 766 autem
619 723 658 765 ex
684 704 753 784 ipsa
779 706 897 768 lesione
925 715 1065 770 mortuus
1091 708 1192 780 luerit,

97 811 209 872 reddat
237 807 329 869 alium
359 807 500 891 similem.
548 807 633 869 Etsi
658 809 843 889 contegerit,
867 809 936 890 ipse
959 811 1112 884 cauallus,
1141 811 1192 891 qui

97 913 275 994 pigneratus
297 916 358 984 est,
391 917 463 989 post
489 909 591 990 ipsum
620 909 787 984 moriatur,
820 919 892 973 tunc
918 912 1088 975 satisfaciat
1109 911 1192 997 [cap.

99 1012 255 1098 escaus]
278 1013 338 1085 ille,
354 1012 412 1092 (ui
435 1030 506 1072 enm
527 1012 723 1093 pigneratum
744 1014 861 1087 habuit,
884 1015 910 1076 si
931 1015 1069 1094 pulsatus
1090 1014 1193 1088 inerit,

101 1117 170 1198 quia
203 1135 267 1178 non
298 1133 356 1194 per
382 1113 463 1177 illius
490 1114 662 1196 neglectum
691 1125 831 1178 mortuos
860 1117 940 1192 fuet3
968 1125 1080 1196 postea
1109 1117 1192 1179 nulla

101 1220 138 1282 sit
157 1216 312 1298 repetitio.

181 1323 253 1387 340.
298 1319 412 1400 Siquis
428 1319 581 1381 cauallum
598 1319 731 1381 alienum
748 1321 922 1383 ascenderit
937 1330 967 1383 et
981 1322 1061 1383 inira
1081 1322 1193 1385 uicinia

106 1430 217 1486 tantum
245 1419 488 1492 cauallicauerit,
510 1419 541 1480 id
565 1430 613 1483 est
633 1441 734 1502 prope
762 1423 863 1503 ipsum
890 1423 1006 1497 uicum,
1036 1405 1196 1505 conponat

102 1525 216 1588 solidos
240 1525 339 1600 duos;
367 1542 441 1584 nam
463 1522 490 1584 si
511 1523 636 1584 inantea
663 1542 734 1584 eum
762 1525 945 1587 caballicare
971 1527 1196 1608 presumpserit

100 1635 129 1690 et
150 1627 311 1690 dominum
332 1644 396 1687 non
416 1624 583 1705 rogauerit,
604 1624 635 1684 in
658 1626 790 1706 octogild
811 1628 932 1689 reddat.

182 1731 255 1795 341.
297 1729 344 1789 De
366 1726 549 1809 disfigurato
572 1726 703 1792 cauallo.
740 1727 864 1808 siquis
887 1731 1041 1792 cauallum
1061 1730 1195 1793 alienum

98 1831 240 1912 proserit,
262 1830 427 1910 ipsumque
449 1828 678 1911 disfigurauerit
696 1837 749 1891 aut
770 1829 973 1905 circiuauerit‚
999 1832 1071 1893 furti
1092 1851 1195 1912 poena

100 1934 137 1996 sit
158 1931 330 2013 culpabilis,
351 1931 382 1992 id
406 1939 453 1993 est
473 1930 503 1991 in
526 1932 670 2012 actogild
693 1931 751 1993 sibi
772 1951 899 1997 nonum.

183 2038 256 2101 342.
301 2034 333 2096 Si
356 2034 424 2113 quis
446 2033 599 2095 cauallum
622 2033 756 2094 alienum
779 2042 833 2095 aut
851 2033 1011 2113 quodlibet
1032 2035 1195 2114 peculium,

104 2138 231 2200 eredens
253 2155 343 2198 suum
364 2135 526 2216 praeserit,
549 2143 579 2196 et
593 2134 737 2197 dominus
757 2135 903 2215 proprius
919 2154 989 2196 eum
1005 2137 1196 2215 cognouerit,

104 2239 319 2317 calumniaque
348 2256 499 2318 generare
526 2236 677 2311 uoluerit;
705 2236 748 2298 ita
777 2237 985 2310 decernimus,
1012 2245 1045 2299 ut
1066 2240 1197 2317 prebeat

103 2347 329 2404 sacramentum
350 2339 402 2400 ille
424 2340 476 2418 qui
498 2358 569 2400 eum
591 2339 700 2412 tenuit,
726 2340 799 2420 quia
821 2359 884 2400 non
906 2347 975 2402 asto
998 2339 1117 2413 animo,
1140 2359 1197 2401 nee

102 2443 203 2524 aliqua
225 2461 321 2504 causa
335 2441 467 2504 iaciente
483 2460 553 2501 eum
568 2440 747 2520 praesisset,
770 2443 825 2503 sed
841 2441 971 2504 credidit
985 2463 1059 2505 suus
1073 2442 1197 2505 fuisset:

102 2544 139 2606 sit
160 2539 323 2607 absolutus
346 2560 364 2604 a
387 2543 477 2622 culpa
498 2542 586 2615 lorti,
613 2551 643 2604 et
664 2544 776 2605 reddat
802 2544 955 2605 caballum
983 2546 1111 2624 proprio
1134 2546 1198 2605 do-

102 2644 184 2707 mino
205 2645 349 2712 inlesum,
400 2645 430 2706 Si
454 2652 558 2706 autem
584 2666 648 2708 non
673 2649 920 2727 praesumpserit
942 2648 1061 2719 iurare,
1087 2646 1199 2708 reddat

104 2765 172 2808 eum
193 2749 227 2810 in
250 2746 403 2827 octogild3
434 2749 506 2827 quia
535 2754 703 2828 postquam
726 2749 885 2829 cognouit,
919 2749 1002 2829 quod
1031 2768 1104 2810 suus
1133 2767 1197 2808 non

103 2848 165 2922 luit,
188 2868 263 2912 mox
285 2848 391 2910 debuit
411 2850 541 2928 proprio
565 2849 692 2911 domino
714 2852 918 2912 innotescere.
966 2849 1046 2910 Nam
1068 2853 1093 2912 si
1117 2869 1197 2922 eum,

104 2957 271 3030 postquam
294 2950 447 3031 cognouit,
471 2952 554 3030 quod
578 2971 651 3035 suns
674 2970 737 3012 non
759 2951 824 3026 luit,
854 2952 1038 3023 ascenderit,
1067 2953 1106 3012 sit
1129 2951 1197 3012 cul-

105 3051 224 3130 pabilis,
246 3058 406 3132 utsupra,
429 3052 546 3116 solidos
570 3053 642 3116 dno.

185 3155 259 3220 343.
303 3155 350 3214 De
370 3155 492 3235 peculio
514 3154 545 3214 in
569 3154 717 3215 damnum
737 3154 874 3220 inuento.
912 3153 1027 3233 Siquis
1044 3150 1197 3213 caballum

107 3255 238 3317 ahenum
260 3263 313 3318 aut
328 3256 488 3336 quodlibet
508 3256 663 3337 peculium
683 3257 831 3317 damnum
852 3254 1016 3316 facientem
1037 3252 1198 3328 inuenerit,

106 3355 269 3438 ipsumque
289 3358 320 3418 in
343 3366 428 3420 curte
449 3358 636 3430 inclauserit,
659 3365 689 3419 et
710 3377 773 3419 nou
795 3356 915 3418 uenerit
936 3364 1037 3418 certus
1053 3357 1198 3418 dominus

108 3460 153 3538 qni
183 3478 255 3520 eum
285 3467 467 3540 cognuscat:
494 3467 566 3521 tunc
592 3461 644 3522 ille
664 3460 715 3540 qui
745 3479 817 3521 eum
842 3458 873 3519 in
903 3459 1051 3520 damnum
1072 3458 1197 3532 inuenit,

107 3558 195 3623 ducat
217 3579 289 3622 eum
312 3563 351 3624 ad
374 3563 507 3624 iudicem
531 3561 582 3643 qui
609 3563 640 3624 in
666 3562 736 3623 loco
763 3561 1010 3634 ordinemsed,
1041 3569 1093 3624 aut
1115 3569 1199 3622 certe

107 3670 174 3724 ante
196 3663 329 3726 ecclesia
350 3664 382 3724 in
405 3671 557 3725 conuento
586 3683 684 3744 usqne
707 3670 818 3744 quarta
843 3669 874 3725 et
896 3663 1001 3743 quinta
1023 3666 1139 3735 uicem,
1169 3669 1199 3722 et

107 3764 248 3829 omnibns
270 3785 381 3827 uocem
401 3767 571 3847 praeconia
592 3768 778 3839 innotescat,
802 3766 876 3844 quia
898 3766 1050 3827 caballum
1072 3764 1198 3830 inuenit.

106 3864 141 3929 Et
162 3870 187 3930 si
211 3888 273 3931 non
296 3867 429 3941 uenerit,
458 3867 510 3947 qui
532 3887 603 3929 eum
624 3874 808 3946 cognuscat,
836 3869 977 3930 iubemus
1000 3868 1122 3940 utillo,
1146 3865 1199 3946 qui

107 3987 174 4031 eum
203 3971 337 4043 inuenit,
372 3969 533 4033 caballicet
570 3976 601 4031 et
629 3968 782 4031 custodiat
816 3987 887 4031 eum
913 3978 1074 4051 tamquam
1109 3986 1198 4031 suum
