2574 4710
1135 400 1193 470 147

97 569 379 699 [curuum
412 589 587 674 uxum
620 590 858 675 uurcrvu
886 592 1190 722 mundun]

94 770 138 868 [1.
177 771 442 846 urrunnun
467 724 573 848 suu
598 776 883 851 nvrrunnnr
907 778 1193 853 uuuounro-

93 889 212 962 ruvu
249 889 312 963 nu
348 891 654 969 nuncunuvs
690 892 921 970 unursnu
957 896 1191 973 COMMACI-

537 1013 749 1113 nervus]

148 1180 172 1245 1.
194 1181 242 1241 De
264 1180 341 1246 sala.
407 1170 412 1180 ’

134 1282 174 1349 Π.
195 1283 243 1343 De
265 1302 364 1348 muro.

119 1382 172 1449 ΠΙ.
194 1385 242 1445 De
264 1403 354 1446 muro
376 1385 491 1451 albato.

120 1485 174 1550 lv.
195 1486 243 1546 De
265 1486 410 1548 maceria.

134 1590 173 1652 V.
194 1588 243 1647 De
264 1572 368 1649 anona
390 1590 663 1658 commaciuorum.

121 1689 171 1755 vl.
194 1690 242 1750 De
263 1691 428 1757 caminata.

106 1789 172 1855 v11.
195 1792 242 1852 De
263 1792 487 1858 marmorariis.

90 1892 172 1956 vm.
192 1895 240 1955 De
261 1902 366 1975 puteo.

118 2050 218 2112 ITEM
238 2051 535 2115 MEMORATORIO
557 2053 610 2113 DE
630 2052 839 2115 MERCEDES
861 2053 1162 2117 COMACiNORVM.

176 2188 198 2252 Ι.
232 2189 263 2250 Si
288 2191 354 2252 salu
375 2190 491 2264 iecerit,
513 2198 635 2272 reputet
655 2192 775 2273 tegulas
797 2193 828 2253 in
850 2193 950 2255 solido
972 2212 1033 2254 uno
1056 2212 1188 2255 numero

90 2299 273 2367 sexcentos3
297 2292 369 2355 siin
391 2293 517 2366 solario,
540 2296 661 2375 tegutas
684 2302 837 2357 trecentas
858 2315 915 2375 per
937 2294 1070 2357 solidum
1093 2316 1188 2357 unum
1221 2314 1225 2321 ·

96 2393 255 2456 uestitum:
279 2394 353 2475 quia
375 2395 550 2475 quindecim
571 2396 691 2477 tegulas
714 2396 820 2478 uiginti
841 2398 937 2477 pedes
958 2397 1073 2463 lebant.

176 2495 213 2560 11.
246 2495 277 2558 Si
304 2516 381 2559 uero
409 2518 530 2558 murum
557 2498 665 2560 fecerit
692 2499 744 2578 qui
773 2518 872 2579 usque
895 2500 935 2560 ad
950 2491 1070 2578 'pedem
1092 2518 1189 2560 uuum

91 2596 131 2659 sit
152 2616 293 2678 grossus,
316 2598 509 2679 duplicentur
531 2601 701 2674 mercedes,
724 2608 868 2681 eiusque
883 2601 924 2662 ad
940 2600 1075 2681 quinque
1091 2601 1189 2681 pedes

90 2700 316 2779 subquinetur3
349 2709 380 2762 et
410 2703 448 2762 de
477 2703 547 2783 ipso
578 2723 666 2765 muro
697 2703 814 2764 uadaut
842 2721 899 2782 per
929 2702 1061 2764 solidum
1093 2683 1189 2764 unum

89 2801 190 2880 pedes
217 2801 340 2862 ducenti
365 2803 472 2883 uiginti
495 2804 641 2884 quinque.
686 2805 717 2866 Si
738 2823 814 2866 uero
836 2806 992 2866 macinam
1014 2804 1189 2877 mutauerit‚

91 2903 147 2964 det
168 2905 274 2985 pedes‘
288 2912 410 2965 centum
428 2907 582 2987 octaginta
596 2906 628 2966 in
645 2906 779 2968 solidum
794 2926 899 2979 unum,
921 2907 1076 2986 usquead
1092 2907 1188 2986 pedes

91 3005 230 3088 quinque
245 3025 379 3081 sursum,
396 3006 427 3067 in
442 3006 665 3088 longitudinem
681 3026 757 3069 uero
772 3015 821 3068 ter
836 3006 949 3087 quinos
964 3027 1022 3087 per
1035 3007 1189 3071 tremisse.

90 3163 112 3232 ¹)
133 3163 259 3233 Maaictri
270 3168 425 3219 commaciui
435 3167 492 3218 siue
505 3167 724 3220 commaciuorum
735 3166 851 3219 domium
864 3164 941 3218 tiberi
952 3169 1036 3234 erant,
1052 3166 1096 3234 qai
1106 3178 1190 3233 opero

86 3270 142 3325 pro
158 3260 233 3310 certa
248 3257 369 3310 mercede
381 3255 509 3324 sarienda
523 3256 711 3310 conducebant.
730 3256 804 3310 Rati.
818 3253 880 3308 144.
894 3252 955 3307 145.
966 3254 1088 3324 Diptomu
1097 3271 1123 3309 a.
1134 3253 1189 3307 739

89 3346 232 3414 (Bruuctti
254 3348 313 3400 cad.
336 3363 363 3415 ρ.
387 3344 473 3412 496).·
498 3352 622 3416 „comiut
638 3362 680 3402 me
703 3347 831 3416 rudperte
848 3349 1002 3415 maqirtrum
1027 3348 1190 3400 commacina

89 3437 276 3494 uendidirrc.“
312 3438 374 3506 Iaca
398 3442 485 3493 autem
507 3440 643 3493 mercedes
661 3454 714 3492 uon
733 3452 837 3506 semper
854 3452 928 3496 meru
948 3439 1062 3505 pecunia
1081 3437 1189 3504 (solidis

90 3533 138 3584 uct
149 3522 329 3598 t‘remicciduc)
348 3530 500 3596 comedim,-
518 3545 580 3584 uam
597 3530 729 3584 interdum
748 3533 826 3584 etium
844 3529 961 3583 citarum
974 3531 1051 3597 copia
1062 3531 1190 3598 muqictro

89 3621 292 3676 ministrabatur
313 3634 364 3688 uro
387 3625 459 3676 certo
480 3623 579 3691 pretio,
605 3625 657 3674 tum
673 3622 844 3689 praesertim,
869 3635 927 3673 cam
945 3635 1041 3689 muquu
1058 3621 1189 3674 dominum

91 3714 170 3780 copia
194 3713 223 3764 iu
248 3711 313 3765 tocir
337 3714 446 3766 remotis
465 3726 530 3780 opus
546 3715 616 3780 erat,
641 3726 667 3764 a.
687 3725 711 3764 c.
730 3713 758 3764 iu
776 3712 845 3765 uitiis
863 3711 996 3780 recutitur
1013 3711 1059 3764 uei
1074 3712 1190 3765 castellis

90 3802 292 3866 ermemirum
312 3817 362 3872 uuo
375 3817 439 3856 cusu
451 3803 551 3857 rotiduc
564 3800 678 3855 uestitus
691 3803 820 3871 appellari
831 3802 941 3856 colebat.
973 3801 1046 3855 Unde
1058 3804 1191 3856 conticere

91 3896 161 3965 ticet,
182 3897 264 3948 totum
281 3895 495 3947 memoratorium
513 3895 550 3948 ad
564 3893 670 3962 publica
689 3896 789 3946 tautum
807 3896 864 3946 siue
882 3893 984 3961 requiiu
1003 3907 1085 3961 opera
1100 3895 1190 3960 perti-

90 3989 194 4040 muimc.
212 4014 244 4022 -
265 3982 387 4037 Diucrcic
406 3989 492 4038 autem
510 3984 616 4053 reqitac
634 3985 683 4037 doc
700 3987 912 4037 memoratorium
931 3985 1092 4051 adscriptam
1109 3985 1190 4037 iuue-

90 4079 180 4142 mitur;
196 4090 257 4129 uam
269 4080 297 4128 tu
310 4075 367 4129 cod.
381 4075 548 4144 Eporediam
564 4079 590 4129 et
604 4073 803 4146 Guelferbytum'
815 4075 873 4128 irco
884 4078 970 4141 prtrao
980 4073 1044 4142 (sot.
1055 4072 1108 4140 32)
1120 4078 1191 4128 iuter

93 4165 243 4220 Grimuutdi
254 4167 324 4234 teum
336 4165 455 4234 dotetur,
475 4167 536 4220 otiis
549 4170 660 4237 quinque
672 4168 737 4221 iocis
756 4163 859 4234 (Gaets.
876 4166 934 4219 ioco
947 4168 1062 4221 secundo
1080 4165 1129 4234 sot.
1142 4163 1190 4232 56,

90 4258 178 4312 Paris.
192 4256 292 4312 Matrii.
307 4256 422 4313 Cauemi
434 4262 461 4313 et
472 4256 591 4313 Gotiaao
604 4260 710 4323 codice)
723 4257 886 4326 Liutpruadu
898 4256 1028 4312 tribuitur.

897 4346 956 4410 10*
