2574 4710
224 355 376 422 SlCARDl
397 359 447 419 ET
467 357 656 440 IOHANNIS
678 355 820 420 PACTIO
843 376 870 424 a.
884 351 965 425 ‚836ss
1056 355 1115 422 187

59 549 77 612 l.
111 546 157 606 De
179 544 339 625 sigillatico
362 552 393 606 et
413 543 591 625 nuptiatico.

59 651 75 714 3.
110 649 151 708 Vt
165 667 227 708 non
242 653 422 728 praesumat
436 646 546 728 aliquis
562 649 681 728 absque
696 644 824 709 consilio
839 643 984 726 principis
999 643 1114 726 lignum

111 749 254 811 excidere
277 768 295 811 a
316 756 405 830 parte
426 749 472 810 rei
492 747 624 829 puplice.
685 739 691 754 ⁸

59 859 75 918 t.
109 853 151 913 Vt
171 873 234 914 non
255 852 381 914 tollatur
402 870 421 913 a
442 850 651 914 tertiatoribus
673 850 880 913 excusaticum
901 857 932 911 et
952 869 1075 932 porcos.

59 959 76 1021 l.
110 955 152 1015 Vt
171 952 283 1017 inuitus
304 974 368 1016 non
391 955 482 1017 detur
508 952 640 1034 pretium
662 954 709 1020 ad,
730 952 909 1015 terciatores
931 972 989 1032 pro
1013 953 1112 1015 tritico

112 1063 165 1118 aut
185 1056 268 1117 uino.

59 1164 75 1223 ζ.
110 1160 151 1220 Vt
180 1157 299 1238 singula
328 1157 453 1220 castella
486 1177 549 1244 non
578 1156 688 1219 tollant
712 1157 958 1238 responsaticum
986 1157 1045 1220 nisi
1074 1158 1112 1217 de

109 1259 186 1321 locis
209 1260 266 1322 sibi
287 1260 521 1341 pertinentibus.

59 1366 77 1426 Ξ.
109 1365 149 1423 Vt
176 1361 276 1423 coloni
303 1363 484 1425 terciatores
506 1383 570 1424 non
591 1363 665 1424 deut
685 1361 717 1422 in
745 1360 858 1423 collata
879 1362 988 1423 necin
1009 1367 1112 1442 pactu.

59 1468 76 1530 l.
108 1464 149 1525 Vt
163 1483 227 1524 non
249 1463 339 1526 liceat
358 1463 479 1544 piscare
501 1464 627 1526 militem
645 1463 676 1524 in
697 1463 766 1525 laco
785 1463 975 1545 patriensem
994 1466 1112 1544 absque

109 1565 297 1627 conscientia
318 1565 474 1648 principis.

59 1669 76 1735 l.
105 1668 153 1728 De
176 1667 352 1735 modiatico.
1072 1733 1074 1737 ,

59 1775 75 1836 l.
103 1773 155 1836 36.
187 1770 233 1830 De
259 1770 455 1850 repensatico
486 1777 517 1832 et
544 1768 709 1832 modiatico
736 1770 774 1830 de
801 1769 880 1832 lauri
907 1770 958 1832 uel
978 1771 1017 1831 de
1043 1768 1110 1832 aliis

108 1872 232 1937 massis.

59 1977 77 2039 '.
108 1975 150 2035 Vt
170 1974 196 2036 si
219 1974 306 2038 miles
329 1978 482 2038 absconse
501 1975 533 2035 in
554 1975 623 2037 laco
645 1975 802 2056 patriense
823 1973 997 2054 piscauerit.

59 2077 78 2139 3.
110 2075 156 2136 De
176 2095 282 2156 angre.

59 2184 76 2242 l.
109 2177 155 2237 De
178 2177 268 2244 stabi,
297 2242 299 2247 ‚

59 2285 75 2346 t.
108 2279 155 2338 De
176 2286 271 2359 ponte
291 2279 414 2359 lapideo
437 2287 468 2342 et
490 2281 529 2341 de
550 2278 662 2360 plagia.

59 2428 76 2446 ,.
107 2382 154 2442 De
176 2381 269 2443 fluuio
293 2382 500 2448 druconcello.

59 2486 77 2547 l.
107 2484 154 2542 De
176 2490 282 2545 monte
304 2485 434 2546 uesubio
458 2491 488 2546 et
510 2485 549 2544 de
570 2483 697 2545 colonis.

59 2588 74 2651 l.
106 2587 153 2646 De
176 2586 292 2647 colonis
314 2585 556 2649 transmontanis
578 2592 611 2647 ut
631 2605 651 2647 a
671 2583 810 2666 partibus
832 2593 1025 2649 reuocentur.

106 2689 154 2748 De
176 2686 329 2750 amalfinis
353 2688 482 2768 qualiter
502 2694 699 2770 peragantur.

59 2793 74 2855 l.
107 2791 154 2849 De
176 2808 266 2870 aqua,
288 2789 387 2851 herba
409 2799 440 2853 et
461 2790 582 2856 collata.

59 2898 73 2957 t.
106 2893 153 2952 De
166 2891 271 2972 prauis
286 2891 472 2965 hominibus,
496 2893 547 2972 qui
561 2892 663 2955 illicite
676 2892 733 2973 per
747 2901 852 2974 partes
874 2892 1108 2960 ambulauerint.

59 2999 73 3055 '.
106 2995 153 3054 De
174 2995 397 3066 tornatoribus,
420 2993 472 3073 qui
491 2993 571 3056 iuter
591 3004 696 3075 partes
719 3004 879 3075 uagantur.

59 3104 74 3162 t.
106 3098 153 3156 De
174 3096 272 3158 seruis
295 3103 326 3157 et
347 3094 462 3158 ancillis
484 3095 622 3177 utrisque
642 3095 792 3176 partibus.

59 3211 71 3259 t
106 3197 291 3260 Constitutio
312 3196 485 3260 iuramenti.

104 3401 139 3461 ln
161 3401 288 3462 nomine
310 3400 426 3463 domini
448 3400 497 3462 dei
519 3408 550 3463 et
572 3400 735 3465 saluatoris
757 3398 856 3463 nostri
876 3399 943 3461 iesu
957 3397 1063 3462 ch1isti
1078 3406 1109 3462 et

59 3511 133 3565 atae
152 3511 183 3589 et
203 3503 359 3583 gloriosae
382 3502 431 3564 dei
453 3501 604 3584 genitricis
627 3521 812 3583 semperque
833 3500 957 3582 uirginis
979 3500 1108 3567 mariae.

58 3626 101 3666 rm
125 3624 162 3666 ea
185 3624 267 3685 quae
289 3605 339 3665 dei
370 3611 536 3685 praecepta
568 3611 654 3678 sunt,
686 3613 790 3684 partes
820 3603 1003 3678 obaudiunt,
1035 3610 1108 3664 tune

59 3707 115 3769 tius
140 3707 308 3786 adimplere
328 3710 502 3787 probantur
522 3708 678 3780 mandata,
701 3716 732 3769 et
746 3707 786 3768 ad
801 3706 885 3786 pacis
908 3706 1107 3767 concordiam

59 3830 78 3870 o
102 3808 201 3871 saluto
230 3809 467 3871 christianorum
489 3809 662 3871 animarum
683 3807 864 3888 peruenisse
885 3814 1107 3874 monstrantur.

60 3932 80 3972 o
104 3931 176 4002 quo⁴
188 3910 394 3991 promittimus
409 3931 466 3974 nos
483 3911 624 3974 dominus
639 3911 687 3973 uir
707 3909 947 3991 gloriosissimus
966 3909 1106 3972 sicardus

59 4014 285 4092 agobardorum
308 4013 404 4093 gentis
427 4014 580 4094 princeps,
603 4014 692 4076 uobis
714 4012 840 4074 iohanni
861 4013 959 4074 electo
982 4019 1109 4074 sauctae

59 4115 171 4175 clasiae
187 4115 404 4196 neapolitanae
416 4123 446 4177 et
461 4117 597 4178 andreae
613 4115 760 4196 magistro
776 4114 916 4187 militum,
931 4113 982 4176 uel
991 4113 1108 4195 populo

59 4216 109 4278 bis
133 4217 269 4279 subiecto
293 4217 394 4278 ducati
419 4218 624 4299 neapolitani,
655 4227 685 4278 ot
713 4224 858 4280 surrento
883 4224 914 4277 et
943 4215 1048 4278 amalfi
1078 4224 1109 4277 et
