2574 4710
416 111 653 208 LIVTPRANDI
674 112 810 178 LEGES.
1123 117 1163 181 79

63 299 127 363 430
160 295 234 381 [33].
263 295 332 357 1133
361 303 464 358 autem
496 298 555 357 deo
583 297 710 358 iobante
739 305 876 359 statuere
902 297 1102 376 prouidemus
1130 305 1164 359 ut

151 399 270 460 amodo
293 397 395 460 nullus
418 398 515 459 homo
537 406 699 478 presumat
720 398 826 460 relicta
842 400 881 460 de
903 399 1092 478 consoprino
1111 407 1164 462 aut

148 499 312 580 insoprino
335 518 392 561 suo
414 518 546 560 uxorem
569 501 691 566 ducere.
1123 519 1125 522 ·

63 603 124 669 431
151 601 227 688 [34].
255 602 334 663 Item
366 601 427 662 hoc
460 620 622 664 censemus
654 608 747 682 atque
778 602 965 682 precipimus
996 610 1029 665 ut
1061 604 1161 667 nullus

148 711 311 783 presumat
332 711 535 765 cummatrem
558 722 646 764 suam
669 722 800 765 uxorem
824 705 965 768 ducere·

64 808 127 872 432
151 804 225 891 [35].
250 805 281 865 Si
305 805 372 885 quis
395 805 462 867 sine
488 805 649 868 uoluntate
674 806 756 887 regis
779 807 810 867 in
838 805 1056 885 qualicumque
1084 806 1163 867 3131-

148 914 246 969 tatem
269 913 377 968 contra
398 907 531 968 iudicem
553 927 644 969 suum
666 907 850 969 seditionem
870 906 1031 972 leuaberit.

64 1011 127 1076 433
152 1008 227 1094 [36].
252 1008 284 1071 81
306 1008 375 1089 quis
399 1009 520 1072 dederit
548 1009 695 1070 uuadiam
719 1018 749 1072 et
778 1028 848 1070 eam
874 1022 1022 1089 recepere
1050 1009 1161 1090 negle-

148 1110 238 1176 xerit.

66 1215 126 1278 434
151 1211 223 1298 [37].
247 1212 278 1274 81
302 1211 370 1291 quis
394 1211 483 1273 alteri
503 1211 623 1273 homini
638 1212 786 1274 uuadiam
802 1212 922 1273 dederit
942 1222 973 1275 et
995 1220 1162 1294 antequam

150 1332 220 1375 eam
248 1332 305 1393 per
337 1311 556 1375 fideiussorem
584 1313 686 1377 liberit
713 1314 866 1375 uiolenter
893 1315 932 1374 de
960 1334 1055 1376 manu
1081 1314 1160 1378 illius

149 1414 346 1478 abstraxerit.

66 1515 226 1602 435[33].
251 1516 374 1597 Siquis
405 1517 456 1578 alii
482 1518 609 1579 uadiam
637 1518 757 1580 dederit
786 1524 817 1579 et
846 1518 977 1580 uoluerit
1007 1538 1076 1580 eam
1105 1538 1162 1599 per

150 1618 361 1682 fedeiussores
384 1640 460 1682 suos
483 1619 651 1699 suscipere.

63 1721 125 1786 436
151 1718 225 1806 [39].
247 1720 279 1782 81
303 1720 371 1801 quis
395 1720 448 1782 alii
469 1720 589 1782 homini
611 1721 758 1782 uuadiam
782 1721 903 1785 dederit
924 1742 983 1801 pro
1008 1742 1162 1803 quacum-

151 1841 211 1902 que
233 1841 327 1885 causa
350 1830 380 1884 et
401 1821 621 1885 fideiussorem
641 1822 790 1902 posuerit.

61 1926 125 1990 437
149 1922 224 2009 [40].
249 1923 280 1985 81
304 1924 372 2004 quis
395 1924 447 1986 alii
468 1924 589 1986 homini
610 1924 726 1985 uuadia
749 1924 869 1986 dederit
891 1933 921 1986 et
942 1925 1162 1990 fideiussorem

147 2028 299 2106 posuerit.

65 2127 128 2192 438
150 2126 225 2213 [44].
249 2127 280 2188 81
304 2126 372 2207 quis
396 2126 491 2189 alium
513 2134 585 2188 ante
607 2126 808 2189 constitutum
829 2127 1049 2209 pignerauerit.

63 2230 126 2294 439
154 2228 229 2314 [42].
260 2229 291 2291 81
321 2228 389 2308 quis
417 2229 511 2291 iudex
543 2236 596 2291 aut
625 2236 678 2291 aut
706 2236 793 2290 actor
819 2231 960 2310 puplieus
990 2232 1021 2292 in
1055 2233 1161 2313 quali-

149 2349 283 2410 cumque
305 2330 460 2393 ciuitatem
483 2339 536 2393 aut
557 2330 660 2392 locum
682 2330 762 2394 inter
783 2331 925 2395 homenis
950 2334 1001 2413 qui
1024 2334 1160 2414 aliquam

148 2432 339 2495 discordiam
358 2431 486 2499 hahent.

60 2535 125 2601 440
150 2533 226 2621 [43].
247 2535 293 2593 De
322 2533 493 2596 donatione
519 2536 545 2596 si
577 2534 645 2615 quis
681 2535 742 2595 alio
775 2535 894 2598 homini
927 2538 1161 2620 qualiscumque

147 2654 217 2696 rem
240 2635 413 2698 donauerit.

59 2739 122 2804 441
149 2736 223 2822 [44].
246 2738 292 2814 De
315 2755 424 2799 seruus
446 2737 556 2818 fugace
579 2746 610 2800 et
632 2740 754 2801 aduena
773 2738 916 2803 homines
938 2741 969 2802 in
992 2742 1051 2806 alia
1074 2742 1161 2805 iudi-

147 2838 244 2901 ciaria
264 2839 407 2901 inuentus
428 2839 531 2905 fuerit.

60 2942 126 3006 442
149 2940 225 3026 [45].
247 2940 277 3002 81
302 2941 370 3021 quis
394 2940 542 3002 astalaria
564 2941 688 3002 alterius
711 2941 909 3020 capelauerit.

61 3042 126 3109 443
150 3042 225 3128 [43].
249 3042 280 3103 81
303 3042 371 3122 quis
393 3043 546 3105 fossatum
567 3043 598 3104 in
621 3051 705 3106 terra
727 3043 853 3106 alterius
875 3044 991 3109 fecerit.

61 3144 126 3209 444
149 3143 224 3229 [47].
249 3144 280 3206 81
303 3144 371 3224 quis
394 3163 469 3224 sepe
490 3145 521 3206 in
544 3151 628 3208 terra
650 3145 776 3208 alterius
800 3143 926 3209 miserit.

61 3247 124 3312 445
149 3244 224 3331 [43].
248 3245 280 3306 81
299 3247 368 3326 quis
385 3245 519 3308 liberum
533 3247 690 3310 hominem
708 3247 784 3309 foris
800 3246 963 3325 prouincia
974 3245 1159 3314 uindederit.

59 3348 125 3413 446
149 3346 223 3433 [49].
248 3347 279 3410 81
303 3347 371 3429 quis
394 3367 519 3410 seruum
541 3349 676 3411 alienum
697 3349 774 3411 foris
796 3346 959 3429 prouincia
974 3348 1158 3416 uindederit.

59 3450 124 3514 447
148 3448 223 3535 [53].
246 3450 293 3510 De
315 3469 408 3512 seruo
429 3450 461 3511 in
484 3460 682 3532 sagramento
703 3451 810 3515 misso.
1102 3512 1106 3517 .

59 3551 125 3617 449
150 3549 227 3636 [51].
249 3551 280 3611 81
304 3551 371 3631 quis
394 3572 520 3614 seruum
543 3554 676 3616 alienum
698 3554 730 3615 in
752 3572 845 3613 manu
868 3551 949 3633 regis
973 3551 1101 3618 dederit.

58 3651 125 3717 448
149 3651 223 3736 [53].
247 3652 278 3713 81
308 3654 376 3733 quis
406 3674 532 3717 seruum
560 3656 694 3718 alienum
725 3656 792 3718 sine
821 3654 1015 3715 uolontatem
1043 3655 1160 3717 domini

149 3754 196 3816 sui
218 3753 349 3816 liberum
373 3756 531 3826 dimiserit.

59 3857 126 3920 450
152 3854 226 3940 [53].
250 3856 280 3918 81
309 3857 377 3937 quis
409 3880 534 3922 seruum
561 3860 695 3922 alienum
727 3863 793 3922 sine
820 3859 1013 3922 uolontatem
1043 3859 1173 3943 domini¹

148 3956 195 4018 sui
215 3956 417 4039 elerigauerit.
