<?xml version="1.0" encoding="UTF-8"?>
<!DOCTYPE html PUBLIC "-//W3C//DTD XHTML 1.0 Transitional//EN"
    "http://www.w3.org/TR/xhtml1/DTD/xhtml1-transitional.dtd">
<html xmlns="http://www.w3.org/1999/xhtml" xml:lang="en" lang="en">
 <head>
  <title>
</title>
<meta http-equiv="Content-Type" content="text/html;charset=utf-8" />
  <meta name='ocr-system' content='tesseract 3.04.00' />
  <meta name='ocr-capabilities' content='ocr_page ocr_carea ocr_par ocr_line ocrx_word'/>
</head>
<body>
  <div class='ocr_page' id='page_1' title='image "./edictusceteraeq00bluhgoog_0105.png"; bbox 0 0 2574 4710; ppageno 0'>
   <div class='ocr_carea' id='block_1_1' title="bbox 258 120 1204 190">
    <p class='ocr_par' dir='ltr' id='par_1_1' title="bbox 258 120 1204 190">
     <span class='ocr_line' id='line_1_1' title="bbox 258 120 1204 190; baseline 0.011 -9"><span class='ocrx_word' id='word_1_1' title='bbox 258 120 495 183; x_wconf 77' lang='lat' dir='ltr'><strong>uv&#39;rPRANbl</strong></span> <span class='ocrx_word' id='word_1_2' title='bbox 515 122 641 184; x_wconf 85' lang='lat' dir='ltr'>LEGES</span> <span class='ocrx_word' id='word_1_3' title='bbox 661 123 757 184; x_wconf 81' lang='lat' dir='ltr'><strong>ANNI</strong></span> <span class='ocrx_word' id='word_1_4' title='bbox 779 124 857 186; x_wconf 90' lang='lat' dir='ltr'><strong>Vlll.</strong></span> <span class='ocrx_word' id='word_1_5' title='bbox 880 123 962 186; x_wconf 77' lang='lat' dir='ltr'><strong>GAP.</strong></span> <span class='ocrx_word' id='word_1_6' title='bbox 988 127 1035 190; x_wconf 88' lang='grc'><strong>18.</strong></span> <span class='ocrx_word' id='word_1_7' title='bbox 1164 127 1204 190; x_wconf 86' lang='grc'><strong>93</strong></span> 
     </span>
    </p>
   </div>
   <div class='ocr_carea' id='block_1_2' title="bbox 89 305 1204 3439">
    <p class='ocr_par' dir='ltr' id='par_1_2' title="bbox 101 305 1204 695">
     <span class='ocr_line' id='line_1_2' title="bbox 108 305 1204 390; baseline 0.001 -21"><span class='ocrx_word' id='word_1_8' title='bbox 108 305 208 369; x_wconf 73' lang='lat' dir='ltr'><strong>dmm</strong></span> <span class='ocrx_word' id='word_1_9' title='bbox 231 307 402 369; x_wconf 73' lang='lat' dir='ltr'><strong>succedant</strong></span> <span class='ocrx_word' id='word_1_10' title='bbox 433 307 461 368; x_wconf 90' lang='lat' dir='ltr'><strong>ei</strong></span> <span class='ocrx_word' id='word_1_11' title='bbox 489 315 634 386; x_wconf 87' lang='lat' dir='ltr'><strong>parentes</strong></span> <span class='ocrx_word' id='word_1_12' title='bbox 661 326 719 387; x_wconf 91' lang='lat' dir='ltr'><strong>per</strong></span> <span class='ocrx_word' id='word_1_13' title='bbox 745 309 875 389; x_wconf 80' lang='lat' dir='ltr'><strong>gradus3</strong></span> <span class='ocrx_word' id='word_1_14' title='bbox 907 310 991 390; x_wconf 90' lang='lat' dir='ltr'><strong>quod</strong></span> <span class='ocrx_word' id='word_1_15' title='bbox 1014 309 1040 371; x_wconf 92' lang='lat' dir='ltr'><strong>si</strong></span> <span class='ocrx_word' id='word_1_16' title='bbox 1061 326 1119 369; x_wconf 87' lang='lat' dir='ltr'><strong>nec</strong></span> <span class='ocrx_word' id='word_1_17' title='bbox 1140 327 1204 388; x_wconf 92' lang='lat' dir='ltr'><strong>pa-</strong></span> 
     </span>
     <span class='ocr_line' id='line_1_3' title="bbox 107 407 1204 491; baseline 0.003 -22"><span class='ocrx_word' id='word_1_18' title='bbox 107 415 211 471; x_wconf 87' lang='lat' dir='ltr'><strong>rentes</strong></span> <span class='ocrx_word' id='word_1_19' title='bbox 232 407 372 485; x_wconf 85' lang='lat' dir='ltr'><strong>luerent,</strong></span> <span class='ocrx_word' id='word_1_20' title='bbox 407 409 460 489; x_wconf 93' lang='lat' dir='ltr'><strong>qui</strong></span> <span class='ocrx_word' id='word_1_21' title='bbox 482 409 510 470; x_wconf 91' lang='lat' dir='ltr'><strong>ei</strong></span> <span class='ocrx_word' id='word_1_22' title='bbox 532 408 668 490; x_wconf 81' lang='lat' dir='ltr'>legitime</span> <span class='ocrx_word' id='word_1_23' title='bbox 690 411 857 471; x_wconf 82' lang='lat' dir='ltr'><strong>succedere</strong></span> <span class='ocrx_word' id='word_1_24' title='bbox 878 417 1024 491; x_wconf 83' lang='lat' dir='ltr'><strong>possent,</strong></span> <span class='ocrx_word' id='word_1_25' title='bbox 1057 411 1204 473; x_wconf 82' lang='lat' dir='ltr'><strong>succedat</strong></span> 
     </span>
     <span class='ocr_line' id='line_1_4' title="bbox 102 509 1203 593; baseline 0.002 -22"><span class='ocrx_word' id='word_1_26' title='bbox 102 509 135 571; x_wconf 86' lang='lat' dir='ltr'><strong>ei</strong></span> <span class='ocrx_word' id='word_1_27' title='bbox 156 509 252 572; x_wconf 84' lang='lat' dir='ltr'><strong>curtis</strong></span> <span class='ocrx_word' id='word_1_28' title='bbox 272 511 369 591; x_wconf 85' lang='lat' dir='ltr'><strong>regia,</strong></span> <span class='ocrx_word' id='word_1_29' title='bbox 402 510 449 570; x_wconf 87' lang='lat' dir='ltr'><strong>De</strong></span> <span class='ocrx_word' id='word_1_30' title='bbox 471 510 575 572; x_wconf 87' lang='lat' dir='ltr'><strong>anima</strong></span> <span class='ocrx_word' id='word_1_31' title='bbox 597 517 703 573; x_wconf 86' lang='lat' dir='ltr'><strong>autem</strong></span> <span class='ocrx_word' id='word_1_32' title='bbox 716 511 872 572; x_wconf 83' lang='lat' dir='ltr'><strong>homicide</strong></span> <span class='ocrx_word' id='word_1_33' title='bbox 893 513 974 574; x_wconf 89' lang='lat' dir='ltr'><strong>illius</strong></span> <span class='ocrx_word' id='word_1_34' title='bbox 997 513 1036 575; x_wconf 91' lang='lat' dir='ltr'><strong>sit</strong></span> <span class='ocrx_word' id='word_1_35' title='bbox 1055 511 1087 572; x_wconf 92' lang='lat' dir='ltr'><strong>in</strong></span> <span class='ocrx_word' id='word_1_36' title='bbox 1106 520 1203 593; x_wconf 86' lang='lat' dir='ltr'><strong>pote-</strong></span> 
     </span>
     <span class='ocr_line' id='line_1_5' title="bbox 101 612 929 695; baseline -0.001 -20"><span class='ocrx_word' id='word_1_37' title='bbox 101 619 219 675; x_wconf 80' lang='lat' dir='ltr'><strong>statem</strong></span> <span class='ocrx_word' id='word_1_38' title='bbox 240 613 332 692; x_wconf 87' lang='lat' dir='ltr'><strong>regis,</strong></span> <span class='ocrx_word' id='word_1_39' title='bbox 355 612 433 674; x_wconf 89' lang='lat' dir='ltr'><strong>sicut</strong></span> <span class='ocrx_word' id='word_1_40' title='bbox 453 612 485 672; x_wconf 92' lang='lat' dir='ltr'><strong>in</strong></span> <span class='ocrx_word' id='word_1_41' title='bbox 507 612 664 675; x_wconf 88' lang='lat' dir='ltr'><strong>anteriore</strong></span> <span class='ocrx_word' id='word_1_42' title='bbox 686 614 787 676; x_wconf 89' lang='lat' dir='ltr'><strong>edicto</strong></span> <span class='ocrx_word' id='word_1_43' title='bbox 809 614 929 695; x_wconf 79' lang='lat' dir='ltr'><strong>legitur.</strong></span> 
     </span>
    </p>

    <p class='ocr_par' dir='ltr' id='par_1_3' title="bbox 89 712 1202 3322">
     <span class='ocr_line' id='line_1_6' title="bbox 192 712 1202 796; baseline -0.003 -17"><span class='ocrx_word' id='word_1_44' title='bbox 192 715 240 779; x_wconf 79' lang='lat'><strong>18.</strong></span> <span class='ocrx_word' id='word_1_45' title='bbox 263 712 327 779; x_wconf 85' lang='lat'>1111.</span> <span class='ocrx_word' id='word_1_46' title='bbox 370 714 418 774; x_wconf 91' lang='lat' dir='ltr'><strong>De</strong></span> <span class='ocrx_word' id='word_1_47' title='bbox 440 714 684 795; x_wconf 81' lang='lat' dir='ltr'><strong>negotiatoribus</strong></span> <span class='ocrx_word' id='word_1_48' title='bbox 707 715 757 776; x_wconf 92' lang='lat' dir='ltr'><strong>uel</strong></span> <span class='ocrx_word' id='word_1_49' title='bbox 778 716 945 796; x_wconf 79' lang='lat' dir='ltr'><strong>magistris.</strong></span> <span class='ocrx_word' id='word_1_50' title='bbox 968 715 1000 777; x_wconf 90' lang='lat' dir='ltr'><strong>Si</strong></span> <span class='ocrx_word' id='word_1_51' title='bbox 1016 714 1084 794; x_wconf 86' lang='lat' dir='ltr'><strong>quis</strong></span> <span class='ocrx_word' id='word_1_52' title='bbox 1100 733 1202 796; x_wconf 90' lang='lat' dir='ltr'><strong>nego-</strong></span> 
     </span>
     <span class='ocr_line' id='line_1_7' title="bbox 103 815 1201 897; baseline -0.002 -18"><span class='ocrx_word' id='word_1_53' title='bbox 103 815 180 879; x_wconf 87' lang='lat' dir='ltr'><strong>tium</strong></span> <span class='ocrx_word' id='word_1_54' title='bbox 202 816 418 896; x_wconf 84' lang='lat' dir='ltr'><strong>peragendum</strong></span> <span class='ocrx_word' id='word_1_55' title='bbox 446 816 496 876; x_wconf 92' lang='lat' dir='ltr'><strong>uel</strong></span> <span class='ocrx_word' id='word_1_56' title='bbox 523 837 581 896; x_wconf 92' lang='lat' dir='ltr'><strong>pro</strong></span> <span class='ocrx_word' id='word_1_57' title='bbox 609 816 826 897; x_wconf 82' lang='lat' dir='ltr'><strong>qualicumque</strong></span> <span class='ocrx_word' id='word_1_58' title='bbox 855 816 985 879; x_wconf 85' lang='lat' dir='ltr'><strong>artificio</strong></span> <span class='ocrx_word' id='word_1_59' title='bbox 1012 816 1094 879; x_wconf 90' lang='lat' dir='ltr'><strong>intra</strong></span> <span class='ocrx_word' id='word_1_60' title='bbox 1120 835 1201 895; x_wconf 94' lang='lat' dir='ltr'><strong>pro-</strong></span> 
     </span>
     <span class='ocr_line' id='line_1_8' title="bbox 103 917 1200 998; baseline 0 -19"><span class='ocrx_word' id='word_1_61' title='bbox 103 918 205 979; x_wconf 90' lang='lat' dir='ltr'><strong>uincia</strong></span> <span class='ocrx_word' id='word_1_62' title='bbox 235 918 286 978; x_wconf 92' lang='lat' dir='ltr'><strong>uel</strong></span> <span class='ocrx_word' id='word_1_63' title='bbox 319 927 408 979; x_wconf 83' lang='lat' dir='ltr'><strong>extra</strong></span> <span class='ocrx_word' id='word_1_64' title='bbox 440 918 603 998; x_wconf 87' lang='lat' dir='ltr'><strong>prouincia</strong></span> <span class='ocrx_word' id='word_1_65' title='bbox 636 917 858 991; x_wconf 89' lang='lat' dir='ltr'><strong>ambolauerit,</strong></span> <span class='ocrx_word' id='word_1_66' title='bbox 893 925 924 979; x_wconf 92' lang='lat' dir='ltr'><strong>et</strong></span> <span class='ocrx_word' id='word_1_67' title='bbox 948 918 978 978; x_wconf 91' lang='lat' dir='ltr'><strong>in</strong></span> <span class='ocrx_word' id='word_1_68' title='bbox 1008 924 1071 979; x_wconf 90' lang='lat' dir='ltr'><strong>tres</strong></span> <span class='ocrx_word' id='word_1_69' title='bbox 1100 936 1200 979; x_wconf 87' lang='lat' dir='ltr'><strong>annos</strong></span> 
     </span>
     <span class='ocr_line' id='line_1_9' title="bbox 99 1018 1201 1101; baseline 0 -21"><span class='ocrx_word' id='word_1_70' title='bbox 99 1039 266 1101; x_wconf 82' lang='lat' dir='ltr'><strong>regressus</strong></span> <span class='ocrx_word' id='word_1_71' title='bbox 283 1040 346 1081; x_wconf 91' lang='lat' dir='ltr'><strong>non</strong></span> <span class='ocrx_word' id='word_1_72' title='bbox 361 1021 463 1095; x_wconf 87' lang='lat' dir='ltr'><strong>luerit,</strong></span> <span class='ocrx_word' id='word_1_73' title='bbox 486 1028 518 1082; x_wconf 88' lang='lat' dir='ltr'><strong>et</strong></span> <span class='ocrx_word' id='word_1_74' title='bbox 536 1020 669 1084; x_wconf 85' lang='lat' dir='ltr'><strong>forsitan</strong></span> <span class='ocrx_word' id='word_1_75' title='bbox 689 1019 854 1082; x_wconf 87' lang='lat' dir='ltr'><strong>infirmitas</strong></span> <span class='ocrx_word' id='word_1_76' title='bbox 877 1019 905 1080; x_wconf 91' lang='lat' dir='ltr'><strong>ei</strong></span> <span class='ocrx_word' id='word_1_77' title='bbox 920 1019 1091 1093; x_wconf 87' lang='lat' dir='ltr'><strong>emerserit,</strong></span> <span class='ocrx_word' id='word_1_78' title='bbox 1106 1018 1201 1080; x_wconf 83' lang='lat' dir='ltr'><strong>faciat</strong></span> 
     </span>
     <span class='ocr_line' id='line_1_10' title="bbox 97 1120 1200 1202; baseline 0.004 -23"><span class='ocrx_word' id='word_1_79' title='bbox 97 1121 182 1184; x_wconf 87' lang='lat' dir='ltr'><strong>scire</strong></span> <span class='ocrx_word' id='word_1_80' title='bbox 204 1141 263 1202; x_wconf 90' lang='lat' dir='ltr'><strong>per</strong></span> <span class='ocrx_word' id='word_1_81' title='bbox 282 1120 415 1183; x_wconf 91' lang='lat' dir='ltr'><strong>iudicem</strong></span> <span class='ocrx_word' id='word_1_82' title='bbox 438 1131 491 1184; x_wconf 87' lang='lat' dir='ltr'><strong>aut</strong></span> <span class='ocrx_word' id='word_1_83' title='bbox 511 1141 569 1202; x_wconf 90' lang='lat' dir='ltr'><strong>per</strong></span> <span class='ocrx_word' id='word_1_84' title='bbox 590 1123 718 1185; x_wconf 92' lang='lat' dir='ltr'><strong>missum</strong></span> <span class='ocrx_word' id='word_1_85' title='bbox 739 1142 839 1187; x_wconf 91' lang='lat' dir='ltr'><strong>suum.</strong></span> <span class='ocrx_word' id='word_1_86' title='bbox 871 1121 951 1182; x_wconf 90' lang='lat' dir='ltr'><strong>Nam</strong></span> <span class='ocrx_word' id='word_1_87' title='bbox 973 1121 1000 1184; x_wconf 94' lang='lat' dir='ltr'><strong>si</strong></span> <span class='ocrx_word' id='word_1_88' title='bbox 1020 1121 1082 1182; x_wconf 87' lang='lat' dir='ltr'><strong>hoc</strong></span> <span class='ocrx_word' id='word_1_89' title='bbox 1097 1120 1200 1183; x_wconf 84' lang='lat' dir='ltr'><strong>disto-</strong></span> 
     </span>
     <span class='ocr_line' id='line_1_11' title="bbox 102 1207 1198 1305; baseline -0.001 -22"><span class='ocrx_word' id='word_1_90' title='bbox 102 1223 173 1284; x_wconf 88' lang='lat' dir='ltr'><strong>lerit</strong></span> <span class='ocrx_word' id='word_1_91' title='bbox 195 1224 365 1299; x_wconf 88' lang='lat' dir='ltr'><strong>mandare,</strong></span> <span class='ocrx_word' id='word_1_92' title='bbox 389 1223 414 1286; x_wconf 93' lang='lat' dir='ltr'><strong>si</strong></span> <span class='ocrx_word' id='word_1_93' title='bbox 435 1207 517 1286; x_wconf 86' lang='lat' dir='ltr'><strong>filibs</strong></span> <span class='ocrx_word' id='word_1_94' title='bbox 540 1224 713 1305; x_wconf 90' lang='lat' dir='ltr'><strong>reliquerit,</strong></span> <span class='ocrx_word' id='word_1_95' title='bbox 736 1224 875 1286; x_wconf 88' lang='lat' dir='ltr'><strong>habeant</strong></span> <span class='ocrx_word' id='word_1_96' title='bbox 896 1242 947 1285; x_wconf 90' lang='lat' dir='ltr'><strong>res</strong></span> <span class='ocrx_word' id='word_1_97' title='bbox 969 1222 1065 1303; x_wconf 93' lang='lat' dir='ltr'><strong>ipsius</strong></span> <span class='ocrx_word' id='word_1_98' title='bbox 1086 1223 1118 1282; x_wconf 89' lang='lat' dir='ltr'><strong>in</strong></span> <span class='ocrx_word' id='word_1_99' title='bbox 1141 1240 1198 1283; x_wconf 92' lang='lat' dir='ltr'><strong>suo</strong></span> 
     </span>
     <span class='ocr_line' id='line_1_12' title="bbox 104 1323 1199 1406; baseline 0.003 -22"><span class='ocrx_word' id='word_1_100' title='bbox 104 1326 186 1394; x_wconf 89' lang='lat' dir='ltr'><strong>iure;</strong></span> <span class='ocrx_word' id='word_1_101' title='bbox 210 1334 242 1387; x_wconf 88' lang='lat' dir='ltr'><strong>et</strong></span> <span class='ocrx_word' id='word_1_102' title='bbox 264 1325 445 1406; x_wconf 90' lang='lat' dir='ltr'><strong>cuicumque</strong></span> <span class='ocrx_word' id='word_1_103' title='bbox 467 1325 549 1388; x_wconf 91' lang='lat' dir='ltr'><strong>filius</strong></span> <span class='ocrx_word' id='word_1_104' title='bbox 572 1333 646 1406; x_wconf 88' lang='lat' dir='ltr'><strong>post</strong></span> <span class='ocrx_word' id='word_1_105' title='bbox 668 1335 827 1388; x_wconf 90' lang='lat' dir='ltr'><strong>transacto</strong></span> <span class='ocrx_word' id='word_1_106' title='bbox 843 1325 1020 1386; x_wconf 74' lang='lat' dir='ltr'><strong>constitutio</strong></span> <span class='ocrx_word' id='word_1_107' title='bbox 1037 1323 1199 1395; x_wconf 87' lang='lat' dir='ltr'><strong>cantionis,</strong></span> 
     </span>
     <span class='ocr_line' id='line_1_13' title="bbox 104 1425 1200 1509; baseline -0.002 -22"><span class='ocrx_word' id='word_1_108' title='bbox 104 1426 284 1490; x_wconf 87' lang='lat' dir='ltr'><strong>uinditionis</strong></span> <span class='ocrx_word' id='word_1_109' title='bbox 308 1436 361 1490; x_wconf 90' lang='lat' dir='ltr'><strong>aut</strong></span> <span class='ocrx_word' id='word_1_110' title='bbox 377 1428 595 1508; x_wconf 89' lang='lat' dir='ltr'><strong>qualicumque</strong></span> <span class='ocrx_word' id='word_1_111' title='bbox 617 1428 832 1509; x_wconf 88' lang='lat' dir='ltr'><strong>oblegationes</strong></span> <span class='ocrx_word' id='word_1_112' title='bbox 854 1427 893 1487; x_wconf 91' lang='lat' dir='ltr'><strong>de</strong></span> <span class='ocrx_word' id='word_1_113' title='bbox 915 1429 1008 1488; x_wconf 91' lang='lat' dir='ltr'><strong>rebus</strong></span> <span class='ocrx_word' id='word_1_114' title='bbox 1030 1426 1128 1506; x_wconf 89' lang='lat' dir='ltr'><strong>patris</strong></span> <span class='ocrx_word' id='word_1_115' title='bbox 1151 1425 1200 1486; x_wconf 90' lang='lat' dir='ltr'><strong>sui</strong></span> 
     </span>
     <span class='ocr_line' id='line_1_14' title="bbox 99 1528 1199 1609; baseline -0.001 -21"><span class='ocrx_word' id='word_1_116' title='bbox 99 1528 225 1603; x_wconf 84' lang='lat' dir='ltr'><strong>lecerit,</strong></span> <span class='ocrx_word' id='word_1_117' title='bbox 259 1530 403 1590; x_wconf 91' lang='lat' dir='ltr'><strong>stabilem</strong></span> <span class='ocrx_word' id='word_1_118' title='bbox 424 1538 623 1609; x_wconf 84' lang='lat' dir='ltr'><strong>permaneat,</strong></span> <span class='ocrx_word' id='word_1_119' title='bbox 653 1538 683 1592; x_wconf 91' lang='lat' dir='ltr'><strong>et</strong></span> <span class='ocrx_word' id='word_1_120' title='bbox 706 1531 810 1591; x_wconf 88' lang='lat' dir='ltr'><strong>deuita</strong></span> <span class='ocrx_word' id='word_1_121' title='bbox 836 1528 934 1608; x_wconf 86' lang='lat' dir='ltr'><strong>patris</strong></span> <span class='ocrx_word' id='word_1_122' title='bbox 962 1528 1013 1589; x_wconf 90' lang='lat' dir='ltr'><strong>uel</strong></span> <span class='ocrx_word' id='word_1_123' title='bbox 1041 1548 1099 1590; x_wconf 89' lang='lat' dir='ltr'><strong>sua</strong></span> <span class='ocrx_word' id='word_1_124' title='bbox 1118 1546 1199 1607; x_wconf 55' lang='lat' dir='ltr'><strong>¹per-</strong></span> 
     </span>
     <span class='ocr_line' id='line_1_15' title="bbox 95 1628 1199 1712; baseline -0.002 -22"><span class='ocrx_word' id='word_1_125' title='bbox 95 1628 214 1693; x_wconf 90' lang='lat' dir='ltr'><strong>soluat.</strong></span> <span class='ocrx_word' id='word_1_126' title='bbox 252 1629 292 1692; x_wconf 89' lang='lat' dir='ltr'><strong>Et</strong></span> <span class='ocrx_word' id='word_1_127' title='bbox 313 1630 340 1692; x_wconf 93' lang='lat' dir='ltr'><strong>si</strong></span> <span class='ocrx_word' id='word_1_128' title='bbox 360 1631 427 1711; x_wconf 93' lang='lat' dir='ltr'><strong>ipse</strong></span> <span class='ocrx_word' id='word_1_129' title='bbox 449 1639 561 1711; x_wconf 89' lang='lat' dir='ltr'><strong>postea</strong></span> <span class='ocrx_word' id='word_1_130' title='bbox 582 1651 743 1712; x_wconf 78' lang='lat' dir='ltr'><strong>regressus</strong></span> <span class='ocrx_word' id='word_1_131' title='bbox 766 1632 870 1703; x_wconf 87' lang='lat' dir='ltr'><strong>suerit,</strong></span> <span class='ocrx_word' id='word_1_132' title='bbox 900 1631 1059 1703; x_wconf 92' lang='lat' dir='ltr'><strong>iobemus‚</strong></span> <span class='ocrx_word' id='word_1_133' title='bbox 1087 1637 1120 1691; x_wconf 90' lang='lat' dir='ltr'><strong>ut</strong></span> <span class='ocrx_word' id='word_1_134' title='bbox 1141 1648 1199 1689; x_wconf 91' lang='lat' dir='ltr'><strong>nec</strong></span> 
     </span>
     <span class='ocr_line' id='line_1_16' title="bbox 97 1729 1197 1812; baseline 0.003 -20"><span class='ocrx_word' id='word_1_135' title='bbox 97 1750 118 1792; x_wconf 88' lang='lat' dir='ltr'><strong>a</strong></span> <span class='ocrx_word' id='word_1_136' title='bbox 139 1729 214 1792; x_wconf 89' lang='lat' dir='ltr'><strong>filiis</strong></span> <span class='ocrx_word' id='word_1_137' title='bbox 237 1731 301 1793; x_wconf 92' lang='lat' dir='ltr'><strong>suis</strong></span> <span class='ocrx_word' id='word_1_138' title='bbox 325 1732 508 1812; x_wconf 85' lang='lat' dir='ltr'><strong>recipiatur,</strong></span> <span class='ocrx_word' id='word_1_139' title='bbox 536 1753 595 1794; x_wconf 91' lang='lat' dir='ltr'><strong>nec</strong></span> <span class='ocrx_word' id='word_1_140' title='bbox 616 1754 665 1795; x_wconf 90' lang='lat' dir='ltr'><strong>res</strong></span> <span class='ocrx_word' id='word_1_141' title='bbox 694 1753 768 1796; x_wconf 90' lang='lat' dir='ltr'><strong>suas</strong></span> <span class='ocrx_word' id='word_1_142' title='bbox 797 1733 829 1793; x_wconf 94' lang='lat' dir='ltr'><strong>in</strong></span> <span class='ocrx_word' id='word_1_143' title='bbox 858 1740 1049 1811; x_wconf 85' lang='lat' dir='ltr'><strong>potestatem</strong></span> <span class='ocrx_word' id='word_1_144' title='bbox 1070 1731 1197 1795; x_wconf 88' lang='lat' dir='ltr'><strong>habeat.</strong></span> 
     </span>
     <span class='ocr_line' id='line_1_17' title="bbox 94 1831 1197 1915; baseline -0.001 -22"><span class='ocrx_word' id='word_1_145' title='bbox 94 1831 194 1905; x_wconf 81' lang='lat' dir='ltr'><strong>Quod</strong></span> <span class='ocrx_word' id='word_1_146' title='bbox 225 1833 251 1894; x_wconf 92' lang='lat' dir='ltr'><strong>si</strong></span> <span class='ocrx_word' id='word_1_147' title='bbox 278 1832 360 1896; x_wconf 89' lang='lat' dir='ltr'><strong>filius</strong></span> <span class='ocrx_word' id='word_1_148' title='bbox 388 1833 484 1915; x_wconf 87' lang='lat' dir='ltr'><strong>ipsius</strong></span> <span class='ocrx_word' id='word_1_149' title='bbox 514 1835 580 1896; x_wconf 91' lang='lat' dir='ltr'><strong>sine</strong></span> <span class='ocrx_word' id='word_1_150' title='bbox 616 1834 735 1896; x_wconf 89' lang='lat' dir='ltr'><strong>noditia</strong></span> <span class='ocrx_word' id='word_1_151' title='bbox 770 1834 820 1894; x_wconf 89' lang='lat' dir='ltr'><strong>uel</strong></span> <span class='ocrx_word' id='word_1_152' title='bbox 846 1833 985 1895; x_wconf 91' lang='lat' dir='ltr'><strong>iussione</strong></span> <span class='ocrx_word' id='word_1_153' title='bbox 1013 1832 1094 1912; x_wconf 90' lang='lat' dir='ltr'><strong>regis</strong></span> <span class='ocrx_word' id='word_1_154' title='bbox 1126 1851 1197 1893; x_wconf 91' lang='lat' dir='ltr'><strong>eum</strong></span> 
     </span>
     <span class='ocr_line' id='line_1_18' title="bbox 95 1932 1197 2016; baseline 0 -23"><span class='ocrx_word' id='word_1_155' title='bbox 95 1932 290 2013; x_wconf 89' lang='lat' dir='ltr'><strong>recollegere</strong></span> <span class='ocrx_word' id='word_1_156' title='bbox 311 1937 552 2016; x_wconf 88' lang='lat' dir='ltr'><strong>presumpserit,</strong></span> <span class='ocrx_word' id='word_1_157' title='bbox 580 1956 688 1998; x_wconf 92' lang='lat' dir='ltr'><strong>omnes</strong></span> <span class='ocrx_word' id='word_1_158' title='bbox 711 1955 762 1997; x_wconf 91' lang='lat' dir='ltr'><strong>res</strong></span> <span class='ocrx_word' id='word_1_159' title='bbox 783 1936 923 2015; x_wconf 92' lang='lat' dir='ltr'><strong>ipsorum</strong></span> <span class='ocrx_word' id='word_1_160' title='bbox 946 1941 977 1994; x_wconf 90' lang='lat' dir='ltr'><strong>et</strong></span> <span class='ocrx_word' id='word_1_161' title='bbox 999 1933 1095 2014; x_wconf 89' lang='lat' dir='ltr'><strong>patris</strong></span> <span class='ocrx_word' id='word_1_162' title='bbox 1118 1935 1197 1995; x_wconf 92' lang='lat' dir='ltr'><strong>sub-</strong></span> 
     </span>
     <span class='ocr_line' id='line_1_19' title="bbox 96 2033 1197 2119; baseline -0.002 -22"><span class='ocrx_word' id='word_1_163' title='bbox 96 2035 217 2097; x_wconf 87' lang='lat' dir='ltr'><strong>stantia</strong></span> <span class='ocrx_word' id='word_1_164' title='bbox 239 2036 279 2096; x_wconf 87' lang='lat' dir='ltr'><strong>ad</strong></span> <span class='ocrx_word' id='word_1_165' title='bbox 308 2046 427 2099; x_wconf 89' lang='lat' dir='ltr'><strong>curtem</strong></span> <span class='ocrx_word' id='word_1_166' title='bbox 455 2037 540 2119; x_wconf 89' lang='lat' dir='ltr'><strong>regia</strong></span> <span class='ocrx_word' id='word_1_167' title='bbox 568 2038 786 2101; x_wconf 82' lang='lat' dir='ltr'><strong>deuoluuntur.</strong></span> <span class='ocrx_word' id='word_1_168' title='bbox 835 2035 874 2096; x_wconf 82' lang='lat' dir='ltr'><strong>m</strong></span> <span class='ocrx_word' id='word_1_169' title='bbox 896 2035 922 2097; x_wconf 92' lang='lat' dir='ltr'><strong>si</strong></span> <span class='ocrx_word' id='word_1_170' title='bbox 943 2033 1025 2096; x_wconf 80' lang='lat' dir='ltr'><strong>filins</strong></span> <span class='ocrx_word' id='word_1_171' title='bbox 1048 2054 1111 2094; x_wconf 91' lang='lat' dir='ltr'><strong>non</strong></span> <span class='ocrx_word' id='word_1_172' title='bbox 1132 2034 1197 2095; x_wconf 86' lang='lat' dir='ltr'><strong>ha-</strong></span> 
     </span>
     <span class='ocr_line' id='line_1_20' title="bbox 98 2136 1197 2218; baseline 0.001 -22"><span class='ocrx_word' id='word_1_173' title='bbox 98 2136 215 2208; x_wconf 85' lang='lat' dir='ltr'><strong>buerit,</strong></span> <span class='ocrx_word' id='word_1_174' title='bbox 239 2144 270 2197; x_wconf 90' lang='lat' dir='ltr'><strong>et</strong></span> <span class='ocrx_word' id='word_1_175' title='bbox 290 2137 435 2201; x_wconf 89' lang='lat' dir='ltr'><strong>habuerit</strong></span> <span class='ocrx_word' id='word_1_176' title='bbox 455 2141 585 2212; x_wconf 84' lang='lat' dir='ltr'><strong>iratres,</strong></span> <span class='ocrx_word' id='word_1_177' title='bbox 607 2138 666 2218; x_wconf 91' lang='lat' dir='ltr'><strong>ipsi</strong></span> <span class='ocrx_word' id='word_1_178' title='bbox 688 2158 738 2200; x_wconf 90' lang='lat' dir='ltr'><strong>res</strong></span> <span class='ocrx_word' id='word_1_179' title='bbox 761 2137 826 2199; x_wconf 90' lang='lat' dir='ltr'><strong>eius</strong></span> <span class='ocrx_word' id='word_1_180' title='bbox 848 2136 995 2198; x_wconf 88' lang='lat' dir='ltr'><strong>habeant.</strong></span> <span class='ocrx_word' id='word_1_181' title='bbox 1032 2136 1071 2196; x_wconf 90' lang='lat' dir='ltr'><strong>Et</strong></span> <span class='ocrx_word' id='word_1_182' title='bbox 1092 2136 1118 2197; x_wconf 92' lang='lat' dir='ltr'><strong>si</strong></span> <span class='ocrx_word' id='word_1_183' title='bbox 1139 2156 1197 2197; x_wconf 92' lang='lat' dir='ltr'><strong>nec</strong></span> 
     </span>
     <span class='ocr_line' id='line_1_21' title="bbox 98 2237 1195 2320; baseline 0.002 -22"><span class='ocrx_word' id='word_1_184' title='bbox 98 2237 202 2300; x_wconf 78' lang='lat' dir='ltr'><strong>fratris</strong></span> <span class='ocrx_word' id='word_1_185' title='bbox 217 2238 382 2313; x_wconf 90' lang='lat' dir='ltr'><strong>habueret,</strong></span> <span class='ocrx_word' id='word_1_186' title='bbox 404 2241 543 2303; x_wconf 90' lang='lat' dir='ltr'><strong>habeant</strong></span> <span class='ocrx_word' id='word_1_187' title='bbox 558 2240 691 2320; x_wconf 79' lang='lat' dir='ltr'><strong>proximi</strong></span> <span class='ocrx_word' id='word_1_188' title='bbox 702 2248 860 2319; x_wconf 86' lang='lat' dir='ltr'><strong>parentes;</strong></span> <span class='ocrx_word' id='word_1_189' title='bbox 883 2248 914 2300; x_wconf 91' lang='lat' dir='ltr'><strong>et</strong></span> <span class='ocrx_word' id='word_1_190' title='bbox 936 2239 962 2300; x_wconf 93' lang='lat' dir='ltr'><strong>si</strong></span> <span class='ocrx_word' id='word_1_191' title='bbox 977 2257 1035 2299; x_wconf 91' lang='lat' dir='ltr'><strong>nec</strong></span> <span class='ocrx_word' id='word_1_192' title='bbox 1048 2247 1195 2318; x_wconf 86' lang='lat' dir='ltr'><strong>parentes</strong></span> 
     </span>
     <span class='ocr_line' id='line_1_22' title="bbox 93 2339 1197 2423; baseline 0.002 -23"><span class='ocrx_word' id='word_1_193' title='bbox 93 2339 234 2419; x_wconf 84' lang='lat' dir='ltr'><strong>proximi</strong></span> <span class='ocrx_word' id='word_1_194' title='bbox 256 2360 319 2401; x_wconf 89' lang='lat' dir='ltr'><strong>uon</strong></span> <span class='ocrx_word' id='word_1_195' title='bbox 339 2341 477 2415; x_wconf 82' lang='lat' dir='ltr'><strong>fuerent,</strong></span> <span class='ocrx_word' id='word_1_196' title='bbox 501 2343 553 2422; x_wconf 92' lang='lat' dir='ltr'><strong>qui</strong></span> <span class='ocrx_word' id='word_1_197' title='bbox 576 2343 603 2404; x_wconf 91' lang='lat' dir='ltr'><strong>ei</strong></span> <span class='ocrx_word' id='word_1_198' title='bbox 625 2342 744 2423; x_wconf 90' lang='lat' dir='ltr'><strong>legibus</strong></span> <span class='ocrx_word' id='word_1_199' title='bbox 767 2342 934 2404; x_wconf 87' lang='lat' dir='ltr'><strong>succedere</strong></span> <span class='ocrx_word' id='word_1_200' title='bbox 955 2347 1100 2421; x_wconf 88' lang='lat' dir='ltr'><strong>possent,</strong></span> <span class='ocrx_word' id='word_1_201' title='bbox 1122 2349 1197 2420; x_wconf 87' lang='lat' dir='ltr'><strong>post</strong></span> 
     </span>
     <span class='ocr_line' id='line_1_23' title="bbox 95 2441 1196 2526; baseline 0.003 -26"><span class='ocrx_word' id='word_1_202' title='bbox 95 2441 256 2521; x_wconf 86' lang='lat' dir='ltr'><strong>predictos</strong></span> <span class='ocrx_word' id='word_1_203' title='bbox 290 2452 353 2506; x_wconf 90' lang='lat' dir='ltr'><strong>tres</strong></span> <span class='ocrx_word' id='word_1_204' title='bbox 395 2463 494 2506; x_wconf 88' lang='lat' dir='ltr'><strong>annos</strong></span> <span class='ocrx_word' id='word_1_205' title='bbox 528 2445 621 2507; x_wconf 89' lang='lat' dir='ltr'><strong>curtis</strong></span> <span class='ocrx_word' id='word_1_206' title='bbox 655 2445 740 2526; x_wconf 88' lang='lat' dir='ltr'><strong>regia</strong></span> <span class='ocrx_word' id='word_1_207' title='bbox 768 2445 795 2505; x_wconf 87' lang='lat' dir='ltr'><strong>oi</strong></span> <span class='ocrx_word' id='word_1_208' title='bbox 833 2444 989 2509; x_wconf 90' lang='lat' dir='ltr'><strong>succedat.</strong></span> <span class='ocrx_word' id='word_1_209' title='bbox 1044 2442 1137 2514; x_wconf 87' lang='lat' dir='ltr'><strong>Quod</strong></span> <span class='ocrx_word' id='word_1_210' title='bbox 1169 2442 1196 2506; x_wconf 91' lang='lat' dir='ltr'><strong>si</strong></span> 
     </span>
     <span class='ocr_line' id='line_1_24' title="bbox 92 2542 1196 2626; baseline 0.002 -21"><span class='ocrx_word' id='word_1_211' title='bbox 92 2542 244 2605; x_wconf 83' lang='lat' dir='ltr'><strong>habuerit</strong></span> <span class='ocrx_word' id='word_1_212' title='bbox 265 2564 413 2617; x_wconf 82' lang='lat' dir='ltr'><strong>uxorem,</strong></span> <span class='ocrx_word' id='word_1_213' title='bbox 445 2544 475 2606; x_wconf 81' lang='lat' dir='ltr'><strong>et</strong></span> <span class='ocrx_word' id='word_1_214' title='bbox 496 2545 578 2608; x_wconf 87' lang='lat' dir='ltr'><strong>intra</strong></span> <span class='ocrx_word' id='word_1_215' title='bbox 608 2546 822 2626; x_wconf 87' lang='lat' dir='ltr'><strong>suprascripto</strong></span> <span class='ocrx_word' id='word_1_216' title='bbox 850 2545 1035 2619; x_wconf 90' lang='lat' dir='ltr'><strong>constituto,</strong></span> <span class='ocrx_word' id='word_1_217' title='bbox 1064 2545 1126 2605; x_wconf 92' lang='lat' dir='ltr'><strong>hoc</strong></span> <span class='ocrx_word' id='word_1_218' title='bbox 1147 2552 1196 2607; x_wconf 91' lang='lat' dir='ltr'><strong>est</strong></span> 
     </span>
     <span class='ocr_line' id='line_1_25' title="bbox 91 2646 1195 2728; baseline 0.001 -21"><span class='ocrx_word' id='word_1_219' title='bbox 91 2653 160 2708; x_wconf 84' lang='lat' dir='ltr'><strong>tres</strong></span> <span class='ocrx_word' id='word_1_220' title='bbox 184 2665 294 2720; x_wconf 90' lang='lat' dir='ltr'><strong>annos,</strong></span> <span class='ocrx_word' id='word_1_221' title='bbox 318 2646 451 2707; x_wconf 90' lang='lat' dir='ltr'><strong>menime</strong></span> <span class='ocrx_word' id='word_1_222' title='bbox 474 2667 635 2728; x_wconf 85' lang='lat' dir='ltr'><strong>regressus</strong></span> <span class='ocrx_word' id='word_1_223' title='bbox 656 2649 758 2721; x_wconf 87' lang='lat' dir='ltr'><strong>suerit,</strong></span> <span class='ocrx_word' id='word_1_224' title='bbox 786 2649 892 2711; x_wconf 82' lang='lat' dir='ltr'><strong>ueniat</strong></span> <span class='ocrx_word' id='word_1_225' title='bbox 912 2647 1014 2728; x_wconf 89' lang='lat' dir='ltr'><strong>ipsam</strong></span> <span class='ocrx_word' id='word_1_226' title='bbox 1037 2648 1077 2708; x_wconf 90' lang='lat' dir='ltr'><strong>ad</strong></span> <span class='ocrx_word' id='word_1_227' title='bbox 1099 2646 1195 2727; x_wconf 88' lang='lat' dir='ltr'><strong>pala-</strong></span> 
     </span>
     <span class='ocr_line' id='line_1_26' title="bbox 93 2748 1195 2830; baseline 0.002 -22"><span class='ocrx_word' id='word_1_228' title='bbox 93 2748 173 2809; x_wconf 88' lang='lat' dir='ltr'><strong>tium</strong></span> <span class='ocrx_word' id='word_1_229' title='bbox 196 2749 294 2829; x_wconf 89' lang='lat' dir='ltr'><strong>regis,</strong></span> <span class='ocrx_word' id='word_1_230' title='bbox 326 2748 429 2828; x_wconf 92' lang='lat' dir='ltr'><strong>quiin</strong></span> <span class='ocrx_word' id='word_1_231' title='bbox 451 2759 594 2829; x_wconf 90' lang='lat' dir='ltr'><strong>tempore</strong></span> <span class='ocrx_word' id='word_1_232' title='bbox 615 2751 720 2823; x_wconf 85' lang='lat' dir='ltr'><strong>fuerit,</strong></span> <span class='ocrx_word' id='word_1_233' title='bbox 749 2759 780 2813; x_wconf 87' lang='lat' dir='ltr'><strong>et</strong></span> <span class='ocrx_word' id='word_1_234' title='bbox 802 2750 934 2830; x_wconf 87' lang='lat' dir='ltr'><strong>qualiter</strong></span> <span class='ocrx_word' id='word_1_235' title='bbox 957 2749 984 2809; x_wconf 90' lang='lat' dir='ltr'><strong>ei</strong></span> <span class='ocrx_word' id='word_1_236' title='bbox 1004 2749 1072 2829; x_wconf 90' lang='lat' dir='ltr'><strong>ipse</strong></span> <span class='ocrx_word' id='word_1_237' title='bbox 1095 2749 1195 2810; x_wconf 88' lang='lat' dir='ltr'><strong>mari-</strong></span> 
     </span>
     <span class='ocr_line' id='line_1_27' title="bbox 93 2849 1194 2931; baseline 0.002 -22"><span class='ocrx_word' id='word_1_238' title='bbox 93 2849 183 2910; x_wconf 81' lang='lat' dir='ltr'><strong>tandi</strong></span> <span class='ocrx_word' id='word_1_239' title='bbox 210 2849 333 2911; x_wconf 89' lang='lat' dir='ltr'><strong>licentia</strong></span> <span class='ocrx_word' id='word_1_240' title='bbox 359 2851 496 2925; x_wconf 91' lang='lat' dir='ltr'><strong>dederit,</strong></span> <span class='ocrx_word' id='word_1_241' title='bbox 527 2858 581 2912; x_wconf 89' lang='lat' dir='ltr'><strong>aut</strong></span> <span class='ocrx_word' id='word_1_242' title='bbox 609 2852 648 2910; x_wconf 92' lang='lat' dir='ltr'><strong>de</strong></span> <span class='ocrx_word' id='word_1_243' title='bbox 677 2870 772 2913; x_wconf 89' lang='lat' dir='ltr'><strong>causa</strong></span> <span class='ocrx_word' id='word_1_244' title='bbox 799 2852 896 2931; x_wconf 87' lang='lat' dir='ltr'><strong>ipsius</strong></span> <span class='ocrx_word' id='word_1_245' title='bbox 925 2851 1116 2913; x_wconf 88' lang='lat' dir='ltr'><strong>ordinauerit</strong></span> <span class='ocrx_word' id='word_1_246' title='bbox 1143 2851 1194 2912; x_wconf 92' lang='lat' dir='ltr'><strong>uel</strong></span> 
     </span>
     <span class='ocr_line' id='line_1_28' title="bbox 91 2951 1193 3033; baseline 0.002 -20"><span class='ocrx_word' id='word_1_247' title='bbox 91 2951 294 3030; x_wconf 78' lang='lat' dir='ltr'><strong>tractauerit,</strong></span> <span class='ocrx_word' id='word_1_248' title='bbox 323 2952 367 3014; x_wconf 94' lang='lat' dir='ltr'><strong>ita</strong></span> <span class='ocrx_word' id='word_1_249' title='bbox 394 2953 498 3015; x_wconf 86' lang='lat' dir='ltr'><strong>iacere</strong></span> <span class='ocrx_word' id='word_1_250' title='bbox 526 2954 648 3016; x_wconf 86' lang='lat' dir='ltr'><strong>deueat.</strong></span> <span class='ocrx_word' id='word_1_251' title='bbox 696 2952 777 3012; x_wconf 88' lang='lat' dir='ltr'><strong>Nam</strong></span> <span class='ocrx_word' id='word_1_252' title='bbox 803 2953 870 3015; x_wconf 88' lang='lat' dir='ltr'><strong>sine</strong></span> <span class='ocrx_word' id='word_1_253' title='bbox 897 2953 1083 3031; x_wconf 87' lang='lat' dir='ltr'><strong>permissum</strong></span> <span class='ocrx_word' id='word_1_254' title='bbox 1112 2953 1193 3033; x_wconf 85' lang='lat' dir='ltr'><strong>regis</strong></span> 
     </span>
     <span class='ocr_line' id='line_1_29' title="bbox 91 3053 1193 3133; baseline 0.002 -20"><span class='ocrx_word' id='word_1_255' title='bbox 91 3072 158 3114; x_wconf 86' lang='lat' dir='ltr'><strong>non</strong></span> <span class='ocrx_word' id='word_1_256' title='bbox 184 3062 349 3133; x_wconf 89' lang='lat' dir='ltr'><strong>presumat</strong></span> <span class='ocrx_word' id='word_1_257' title='bbox 377 3056 524 3116; x_wconf 89' lang='lat' dir='ltr'><strong>maritum</strong></span> <span class='ocrx_word' id='word_1_258' title='bbox 550 3054 673 3119; x_wconf 89' lang='lat' dir='ltr'><strong>ducere.</strong></span> <span class='ocrx_word' id='word_1_259' title='bbox 723 3054 763 3117; x_wconf 88' lang='lat' dir='ltr'><strong>Et</strong></span> <span class='ocrx_word' id='word_1_260' title='bbox 784 3055 811 3116; x_wconf 93' lang='lat' dir='ltr'><strong>si</strong></span> <span class='ocrx_word' id='word_1_261' title='bbox 832 3053 892 3133; x_wconf 92' lang='lat' dir='ltr'><strong>ipsi</strong></span> <span class='ocrx_word' id='word_1_262' title='bbox 914 3059 986 3132; x_wconf 90' lang='lat' dir='ltr'><strong>post</strong></span> <span class='ocrx_word' id='word_1_263' title='bbox 1006 3061 1070 3114; x_wconf 90' lang='lat' dir='ltr'><strong>tres</strong></span> <span class='ocrx_word' id='word_1_264' title='bbox 1093 3072 1193 3115; x_wconf 82' lang='lat' dir='ltr'><strong>annos</strong></span> 
     </span>
     <span class='ocr_line' id='line_1_30' title="bbox 89 3154 1194 3237; baseline -0.003 -21"><span class='ocrx_word' id='word_1_265' title='bbox 89 3154 212 3217; x_wconf 89' lang='lat' dir='ltr'><strong>inuenti</strong></span> <span class='ocrx_word' id='word_1_266' title='bbox 233 3155 365 3228; x_wconf 86' lang='lat' dir='ltr'><strong>fuerent,</strong></span> <span class='ocrx_word' id='word_1_267' title='bbox 387 3163 576 3237; x_wconf 87' lang='lat' dir='ltr'><strong>potestatem</strong></span> <span class='ocrx_word' id='word_1_268' title='bbox 597 3156 714 3217; x_wconf 89' lang='lat' dir='ltr'><strong>habeat</strong></span> <span class='ocrx_word' id='word_1_269' title='bbox 734 3174 789 3220; x_wconf 83' lang='lat' dir='ltr'><strong>rex</strong></span> <span class='ocrx_word' id='word_1_270' title='bbox 813 3156 852 3216; x_wconf 93' lang='lat' dir='ltr'><strong>de</strong></span> <span class='ocrx_word' id='word_1_271' title='bbox 874 3155 922 3216; x_wconf 90' lang='lat' dir='ltr'><strong>eis</strong></span> <span class='ocrx_word' id='word_1_272' title='bbox 939 3154 1086 3229; x_wconf 84' lang='lat' dir='ltr'><strong>iudicare,</strong></span> <span class='ocrx_word' id='word_1_273' title='bbox 1110 3174 1194 3235; x_wconf 77' lang='lat' dir='ltr'><strong>qun-</strong></span> 
     </span>
     <span class='ocr_line' id='line_1_31' title="bbox 89 3255 329 3322; baseline 0.021 -5"><span class='ocrx_word' id='word_1_274' title='bbox 89 3255 164 3318; x_wconf 90' lang='lat' dir='ltr'><strong>liter</strong></span> <span class='ocrx_word' id='word_1_275' title='bbox 186 3257 329 3322; x_wconf 88' lang='lat' dir='ltr'><strong>uoluerit.</strong></span> 
     </span>
    </p>

    <p class='ocr_par' dir='ltr' id='par_1_4' title="bbox 423 3358 867 3439">
     <span class='ocr_line' id='line_1_32' title="bbox 423 3358 867 3439; baseline 0.007 -20"><span class='ocrx_word' id='word_1_276' title='bbox 423 3359 556 3439; x_wconf 81' lang='lat' dir='ltr'><strong>Explicit</strong></span> <span class='ocrx_word' id='word_1_277' title='bbox 577 3360 616 3420; x_wconf 91' lang='lat' dir='ltr'><strong>de</strong></span> <span class='ocrx_word' id='word_1_278' title='bbox 638 3378 720 3420; x_wconf 88' lang='lat' dir='ltr'><strong>anno</strong></span> <span class='ocrx_word' id='word_1_279' title='bbox 744 3358 867 3422; x_wconf 84' lang='lat' dir='ltr'><strong>celabo.</strong></span> 
     </span>
    </p>
   </div>
   <div class='ocr_carea' id='block_1_3' title="bbox 264 3676 1014 3765">
    <p class='ocr_par' dir='ltr' id='par_1_5' title="bbox 264 3676 1014 3765">
     <span class='ocr_line' id='line_1_33' title="bbox 264 3676 1014 3765; baseline 0.004 -26"><span class='ocrx_word' id='word_1_280' title='bbox 264 3678 407 3741; x_wconf 86' lang='lat' dir='ltr'><strong>INClPlT</strong></span> <span class='ocrx_word' id='word_1_281' title='bbox 427 3679 481 3739; x_wconf 86' lang='lat' dir='ltr'><strong>DE</strong></span> <span class='ocrx_word' id='word_1_282' title='bbox 501 3677 612 3765; x_wconf 81' lang='lat' dir='ltr'><strong>ANNQ</strong></span> <span class='ocrx_word' id='word_1_283' title='bbox 634 3677 747 3740; x_wconf 87' lang='lat' dir='ltr'>NONO</span> <span class='ocrx_word' id='word_1_284' title='bbox 770 3676 812 3762; x_wconf 83' lang='lat' dir='ltr'><strong>(p.</strong></span> <span class='ocrx_word' id='word_1_285' title='bbox 836 3679 908 3742; x_wconf 78' lang='lat' dir='ltr'><strong>Clrr.</strong></span> <span class='ocrx_word' id='word_1_286' title='bbox 931 3678 1014 3762; x_wconf 75' lang='lat'><strong>721).</strong></span> 
     </span>
    </p>
   </div>
   <div class='ocr_carea' id='block_1_4' title="bbox 93 3861 1193 4046">
    <p class='ocr_par' dir='ltr' id='par_1_6' title="bbox 93 3861 1193 4046">
     <span class='ocr_line' id='line_1_34' title="bbox 178 3861 1193 3944; baseline 0 -21"><span class='ocrx_word' id='word_1_287' title='bbox 178 3863 247 3943; x_wconf 85' lang='lat' dir='ltr'><strong>Ego</strong></span> <span class='ocrx_word' id='word_1_288' title='bbox 267 3862 300 3923; x_wconf 90' lang='lat' dir='ltr'><strong>in</strong></span> <span class='ocrx_word' id='word_1_289' title='bbox 322 3861 372 3923; x_wconf 90' lang='lat' dir='ltr'><strong>dei</strong></span> <span class='ocrx_word' id='word_1_290' title='bbox 394 3861 616 3942; x_wconf 89' lang='lat' dir='ltr'><strong>omnipotentis</strong></span> <span class='ocrx_word' id='word_1_291' title='bbox 639 3862 765 3924; x_wconf 90' lang='lat' dir='ltr'><strong>nomine</strong></span> <span class='ocrx_word' id='word_1_292' title='bbox 785 3861 943 3944; x_wconf 87' lang='lat' dir='ltr'><strong>liutprand</strong></span> <span class='ocrx_word' id='word_1_293' title='bbox 966 3861 1193 3928; x_wconf 88' lang='lat' dir='ltr'><strong>excellentissi-</strong></span> 
     </span>
     <span class='ocr_line' id='line_1_35' title="bbox 93 3963 1192 4046; baseline 0.003 -22"><span class='ocrx_word' id='word_1_294' title='bbox 93 3982 165 4026; x_wconf 87' lang='lat' dir='ltr'><strong>mus</strong></span> <span class='ocrx_word' id='word_1_295' title='bbox 193 3983 250 4024; x_wconf 86' lang='lat' dir='ltr'><strong>rex</strong></span> <span class='ocrx_word' id='word_1_296' title='bbox 279 3964 339 4024; x_wconf 91' lang='lat' dir='ltr'><strong>deo</strong></span> <span class='ocrx_word' id='word_1_297' title='bbox 369 3963 500 4025; x_wconf 89' lang='lat' dir='ltr'><strong>dilectae</strong></span> <span class='ocrx_word' id='word_1_298' title='bbox 535 3973 565 4028; x_wconf 88' lang='lat' dir='ltr'><strong>et</strong></span> <span class='ocrx_word' id='word_1_299' title='bbox 594 3963 767 4026; x_wconf 85' lang='lat' dir='ltr'><strong>catholicae</strong></span> <span class='ocrx_word' id='word_1_300' title='bbox 796 3963 895 4046; x_wconf 86' lang='lat' dir='ltr'><strong>gentis</strong></span> <span class='ocrx_word' id='word_1_301' title='bbox 924 3965 1192 4046; x_wconf 82' lang='lat' dir='ltr'><strong>langobardorum</strong></span> 
     </span>
    </p>
   </div>
   <div class='ocr_carea' id='block_1_5' title="bbox 0 0 1292 4710">
    <p class='ocr_par' dir='ltr' id='par_1_7' title="bbox 0 0 1292 4710">
     <span class='ocr_line' id='line_1_36' title="bbox 0 0 1292 4710; baseline 0 3"><span class='ocrx_word' id='word_1_302' title='bbox 0 0 1292 4710; x_wconf 95' lang='lat' dir='ltr'><strong> </strong></span> 
     </span>
    </p>
   </div>
  </div>
 </body>
</html>
