2586 4704
10 3610 15 3643 l

15 3958 22 3973 'l

236 1193 278 1253 IN
300 1192 454 1254 NOMINE
475 1190 620 1253 DOMINI
641 1188 781 1252 INCIPIT
802 1189 979 1253 EDICTVM

56 1296 174 1371 QVEM
194 1293 426 1356 RENOVAVIT
447 1292 627 1355 DOMINVS
646 1291 825 1354 ROTHARI
841 1292 909 1355 vlu
929 1292 1160 1355 EXCELLEN·

56 1396 216 1460 TISSIMO
237 1395 322 1457 REX
344 1394 463 1456 GENTI
479 1392 841 1457 LANGORARDORVM
862 1393 945 1457 CVM
960 1394 1158 1457 PRIMATOS

456 1494 611 1559 {volcas
634 1492 760 1560 SVOS.1

57 1685 155 1800 Ego
177 1718 217 1778 in
238 1717 300 1778 dei
321 1718 476 1780 nomine
497 1716 672 1779 hrotarit
693 1717 752 1778 uir
773 1716 1157 1791 excellentissimus,

59 1828 94 1882 et
130 1819 493 1900 septimodecimum
533 1838 601 1880 rex
647 1818 780 1900 gentis
819 1818 1156 1898 langobardorum,

56 1941 140 1983 anno
164 1921 225 1982 deo
246 1920 435 2003 propitiante
457 1921 545 2002 regni
572 1920 634 1982 mei
655 1922 782 1992 octabo‚
806 1919 979 2000 aetatisque
1000 1920 1157 1982 tricesimo

55 2025 186 2094 octabo,
214 2022 382 2084 indictione
403 2023 554 2096 secunda,
585 2028 615 2084 et
641 2029 715 2103 post
743 2021 911 2083 aduentum
938 2020 971 2081 in
995 2021 1158 2102 prouincia

54 2125 161 2187 italiae
190 2124 471 2205 langobardorum,
501 2144 541 2186 ex
568 2143 630 2204 quo
654 2122 759 2184 alboin
780 2131 853 2184 tunc
877 2122 1027 2203 temporis
1050 2141 1157 2204 regem

54 2226 276 2307 precedentem
292 2225 397 2288 diuina
411 2226 552 2307 potentia
574 2225 698 2287 adducti
720 2232 801 2296 sunt,
823 2242 905 2285 anno
925 2224 1156 2304 septuagesimo

56 2336 146 2390 sexto
170 2329 213 2415 [p.
227 2328 298 2392 Cirr.
314 2327 387 2412 643]
409 2326 548 2393 feliciter.
590 2325 671 2388 Dato
694 2325 787 2387 ticino
809 2326 840 2386 in
862 2325 988 2406 palatin.

142 2429 268 2502 Quanta
292 2448 363 2510 pro.
380 2428 590 2492 subiectorum
621 2435 801 2490 nostrorum
830 2426 997 2488 commodo
1029 2434 1157 2490 nostrae

54 2532 113 2593 fuit
134 2530 348 2594 sollicitudinis
372 2549 459 2602 cura,
483 2538 514 2592 et
536 2538 595 2604 est,
618 2532 725 2593 subter
746 2529 869 2591 adnexa
891 2536 981 2590 tenor
1002 2529 1156 2606 declarat;

56 2633 205 2713 precipue
225 2640 290 2694 tam
311 2640 441 2713 propter
464 2631 611 2697 adsiduas
632 2632 830 2713 fatigationes
852 2650 1038 2712 pauperum,
1063 2651 1156 2711 quam

56 2735 152 2796 etiam
163 2735 338 2814 superfluas
350 2734 528 2797 exactiones
545 2737 585 2797 ab
598 2733 648 2796 his
661 2733 713 2815 qui
728 2734 848 2794 maiore
863 2733 974 2795 uirtute
984 2731 1156 2809 habentur;

56 2854 139 2914 quos
159 2836 223 2900 uim
244 2835 310 2916 pati
332 2836 546 2916 cognocimus.
590 2835 638 2897 Ob
660 2835 722 2896 hoc
737 2833 969 2896 considerantes
985 2834 1036 2894 dei
1050 2835 1157 2896 omni-

57 2937 192 3016 potentis
215 2937 362 3018 gratiam,
392 2936 603 3000 necessarium
630 2955 701 3000 esse
730 2937 949 3019 prospeximus
978 2944 1156 3016 presentem
1226 3007 1230 3014 ¹

55 3057 223 3118 corregere
243 3038 354 3120 legem,
367 3059 448 3120 quae
469 3039 591 3120 priores
614 3057 723 3101 omnes
745 3044 877 3100 renouet
899 3046 929 3100 et
950 3038 1103 3113 emendet,
1127 3046 1157 3100 et

21 3192 24 3197 ,
55 3140 144 3220 quod
160 3140 249 3202 deest
262 3140 383 3213 adiciat,
407 3149 439 3203 et
453 3141 537 3221 quod
553 3141 744 3221 superfluum
766 3148 814 3202 est
829 3140 978 3202 abscidat,
1010 3140 1045 3201 ln
1060 3161 1155 3201 unum

54 3241 249 3322 prouidimus
264 3242 422 3303 uolumine
438 3243 702 3324 conplectendum,
726 3243 868 3322 quatinus
884 3242 975 3304 liceat
992 3242 1156 3323 unicuique

53 3343 147 3406 salua
176 3343 245 3424 lege
274 3351 304 3405 et
333 3343 449 3406 iustitia
479 3344 581 3424 quiete
607 3343 727 3416 uiuere,
765 3352 795 3406 et
821 3351 949 3425 propter
975 3343 1154 3425 opinionem

52 3452 167 3506 contra
187 3442 328 3506 inimicos
351 3445 506 3519 laborare,
529 3465 625 3526 seque
647 3465 784 3526 suosque
806 3445 973 3507 defendere
993 3444 1085 3512 fines.

141 3546 260 3607 Tamen
297 3565 486 3627 quamquam
517 3546 598 3608 haee
625 3547 669 3610 ita
696 3554 730 3610 se
758 3546 905 3621 habeant,
941 3547 1046 3609 utilem
1075 3569 1155 3630 pro-

54 3646 216 3726 speximus
238 3656 369 3728 propter
382 3648 492 3711 futuris
512 3649 663 3730 temporis
683 3649 876 3722 memoriam,
899 3650 1027 3713 nomina
1048 3671 1156 3733 regum

28 3828 33 3833 Π
56 3756 292 3811 antecessorum
314 3756 508 3824 nostrorum,
535 3769 574 3811 ex
596 3770 658 3832 quo
680 3751 712 3811 in
734 3758 824 3832 gente
850 3759 957 3815 nostra
984 3753 1156 3834 langobar-

48 3849 170 3941 'dorum
185 3869 275 3932 reges
287 3851 437 3914 nominati
452 3860 622 3933 coeperunt
636 3871 715 3926 esse,
727 3853 758 3913 in
774 3861 923 3933 quantum
937 3874 995 3934 per
1010 3855 1154 3935 antiquos
1220 3922 1223 3927 ,

27 4030 35 4035 ..
57 3946 202 4015 homines
225 3952 397 4028 didicimus,
418 3954 451 4017 in
471 3954 534 4017 hoc
555 3956 770 4017 membranum
792 3956 936 4019 adnotari
957 3956 1113 4021 iussimus.

30 4100 81 4215 ¹5¹¹)
99 4137 228 4208 helucus
248 4155 307 4196 cum
324 4137 412 4196 iudice
430 4144 458 4196 ia
476 4142 633 4197 membranis
651 4141 867 4212 Saucollcaeibus
886 4145 1062 4198 desideratur.

10 4210 44 4383 {3
925 4234 940 4297 1
