2574 4710
470 317 636 419 nurcrrs
657 326 844 402 nomam.

97 516 176 580 355.
197 512 246 574 Do
269 530 382 591 campo
404 519 544 576 exarato.

94 616 174 681 356.
191 614 245 675 -De
266 619 359 693 prato
383 619 491 693 sogato
514 622 567 676 aut
588 620 727 679 exarato.

99 719 174 783 357.
198 714 231 777 Si
254 702 322 795 quis
345 733 489 795 campum
512 715 637 779 alterius
660 734 729 776 cum
751 716 906 796 peculium
928 716 1056 784 delierit.

95 819 174 886 358.
196 817 268 878 Non
290 816 375 879 deuit
396 816 585 879 etarantibus
608 819 684 879 erba
705 836 831 898 negare.

97 921 174 987 359.
195 919 244 979 De
266 919 483 1000 sagramentis.

100 1023 175 1088 360.
197 1020 246 1082 De
267 1021 383 1084 uuadia
404 1028 435 1082 et
456 1020 684 1086 fideiussorem.

96 1124 174 1189 361.
197 1122 231 1184 Si
252 1122 366 1184 uuadia
389 1123 428 1184 de
451 1128 660 1204 sagramento.

96 1227 173 1290 362.
198 1223 230 1286 81
253 1223 321 1305 quis
343 1232 417 1306 post
438 1232 670 1306 sagramentum
691 1225 857 1287 iudicatum
879 1226 989 1306 aliquis
1013 1228 1152 1296 moritur.

96 1327 174 1392 363.
195 1325 243 1386 De
265 1333 495 1389 sacramentum
516 1335 650 1408 ruptum.

99 1429 174 1493 364.
196 1427 243 1488 De
266 1447 304 1489 eo
328 1427 381 1509 qui
403 1433 632 1490 sacramentum
654 1428 849 1509 repromittit.

100 1533 172 1597 365.
194 1530 242 1591 De
265 1530 402 1592 deuitum
423 1529 520 1609 patris
543 1530 667 1596 mortui.

103 1634 172 1699 366.
195 1632 227 1694 Si
249 1631 353 1712 aliqua
374 1631 455 1692 inter
476 1632 620 1696 homenis
643 1633 820 1699 surrexerit.
895 1618 898 1624 ⁵

98 1735 172 1798 367.
194 1733 443 1814 Deuuarigang.
516 1718 518 1722 ’
551 1719 553 1724 ’

96 1836 173 1901 368.
195 1835 242 1896 De
264 1835 521 1915 camphionibus:

98 1939 172 2003 369.
195 1937 242 1997 De
264 1956 375 2000 causas
398 1938 531 2018 regales.

94 2039 172 2104 376.
195 2038 226 2100 81
248 2058 358 2103 seruus
379 2040 445 2121 regi
466 2041 559 2103 morh
579 2040 696 2106 fecerit.

93 2141 172 2206 371.
193 2141 240 2202 De
262 2160 374 2204 causas
396 2142 567 2209 hominum.

95 2243 171 2308 372.
195 2242 227 2304 si
248 2262 374 2305 seruum
396 2244 462 2325 regi
483 2244 598 2305 turtum
620 2243 735 2308 lecerit.

96 2345 170 2410 373.
193 2344 241 2405 De
263 2364 355 2406 seruo
378 2345 452 2426 regi.

93 2446 170 2511 374.
192 2446 239 2506 De
261 2447 427 2514 sculdahis.

93 2550 171 2614 375.
192 2548 240 2608 De
261 2549 430 2629 gastaldius
453 2557 483 2611 et
505 2548 618 2611 actoris
640 2549 715 2629 regi.

92 2651 170 2716 376.
192 2650 239 2710 De
261 2651 343 2712 aldia
365 2658 418 2710 aut
439 2650 559 2715 ancilla.

94 2754 169 2821 377.
185 2752 217 2813 Si
228 2752 296 2833 quis
303 2751 701 2814 hominemliberumunum
710 2753 832 2814 oculum
839 2753 1007 2814 habentem
1015 2755 1194 2820 excusserit.

92 2853 169 2919 378.
192 2853 224 2914 Si
246 2853 355 2914 mulier
376 2854 506 2915 liberam
528 2854 560 2914 in
582 2854 762 2917 scandalum
785 2854 963 2920 cocurrerit.

91 2955 169 3019 379.
191 2954 238 3015 De
260 2956 392 3021 cassina.

91 3056 169 3122 386.
190 3056 238 3117 De
259 3057 382 3138 pientio.

92 3157 168 3222 381.
192 3157 225 3218 81
247 3158 319 3238 quis·
338 3159 449 3221 dixerit
470 3177 546 3239 arga
568 3159 704 3225 alterius

92 3261 168 3326 382.
192 3258 224 3320 81
247 3260 315 3341 quis
336 3260 519 3341 inpinoxerit
539 3258 700 3322 hominem
721 3261 862 3325 liberum.

93 3361 168 3427 383.
192 3361 224 3422 81
247 3361 314 3441 quis
337 3363 497 3424 hominem
517 3361 649 3423 liberum
670 3381 727 3442 per
748 3364 864 3427 barbas
887 3362 1025 3427 traxerit.

91 3463 175 3529 384..
189 3462 237 3523 De
258 3463 387 3526 brachio
410 3482 491 3526 coxa
511 3465 562 3525 uel
583 3463 667 3528 tibia.

91 3564 168 3631 385.
189 3563 237 3625 oe
259 3566 385 3627 mundio
407 3565 520 3649 puelle.

92 3666 168 3732 386.
189 3667 343 3729 Prosentis
366 3687 442 3729 uero
466 3667 675 3748 dispositionis
697 3677 814 3733 nostre.

93 3768 168 3834 387.
191 3768 224 3830 81
246 3769 314 3850 quis
336 3769 496 3830 hominem
518 3769 649 3830 liberum
671 3770 821 3835 occiserit.

93 3869 168 3935 388.
188 3871 227 3932 Et
247 3871 310 3932 hoc
331 3871 473 3933 addimus
496 3890 533 3932 ae
555 3870 749 3938 definimus1.

94 4007 115 4077 ¹)
135 4009 166 4063 13
185 4012 278 4065 codice
291 4009 451 4066 vercellensi
467 4015 571 4066 numeri
589 4013 760 4080 capitulorum
777 4015 971 4080 continuantur,
992 4017 1018 4067 el
1036 4013 1191 4069 3331133133

93 4102 210 4169 capitula
229 4099 378 4157 Gumoaldi
395 4118 428 4157 ue
443 4103 607 4173 liutprandi,
627 4117 680 4157 333
699 4104 797 4173 additis
811 4116 902 4171 regam
914 4104 1069 4158 nominibus.
1089 4104 1190 4160 lb'm'tur

93 4196 183 4247 autem
201 4197 271 4248 totus
291 4194 463 4262 capitulorum
481 4195 609 4249 tuderto
633 4207 742 4249 numero
761 4192 828 4264 552,
848 4195 878 4248 ld
895 4198 936 4248 est
953 4198 980 4247 in
1002 4196 1092 4250 31333
1110 4195 1189 4250 Lint-

88 4286 191 4351 prandi
209 4287 400 4342 3333336333.
945 4310 947 4312 ·
