2574 4710
313 362 479 426 uorcrvs
500 360 678 424 auruum
699 361 781 425 00.
806 311 980 428 ulo-uu
1153 360 1194 423 25

188 555 260 620 100.
304 552 335 613 Si
358 550 497 630 quintum
520 548 648 631 digitum
670 548 710 608 de
729 546 811 628 pede
833 544 1013 617 excusserit,
1040 550 1196 624 conponat

91 656 240 721 solidum
261 673 367 719 uuum.
631 660 632 664 ’

192 759 264 823 101.
306 756 352 815 00
374 755 466 834 plaga
489 755 569 815 intra
591 773 730 834 capsum.
775 752 805 813 si
823 750 1045 831 quishaldium
1063 747 1197 810 alienum
1269 773 1276 783 .

96 869 157 924 aut
180 878 306 922 seruum
330 855 520 919 ministeriali
535 855 660 936 plagam
681 857 762 915 intra
784 873 879 935 capso
895 861 948 914 001
962 852 1072 932 sagitta
1086 849 1197 911 iniecta

100 971 158 1026 aut
180 981 251 1024 cum
274 960 411 1041 qualebit
425 976 514 1020 arma
534 957 651 1030 iecerit,
673 964 828 1038 conponat
849 955 965 1019 solidos
981 973 1045 1027 sex,
1068 960 1197 1032 excepto

101 1083 221 1146 operas
245 1072 277 1125 et
298 1061 456 1123 mercedes
479 1060 601 1123 medici.

193 1168 265 1232 102.
307 1162 872 1227 001000111000100000000100010.
916 1160 946 1222 Si
970 1144 1038 1240 quis
1060 1157 1199 1218 haldium

103 1268 244 1330 alienum
267 1274 320 1329 aut
348 1285 473 1329 seruum
495 1266 687 1327 ministeriali
716 1265 875 1327 brachium
904 1269 958 1325 aut
986 1279 1064 1323 coxa
1090 1268 1198 1320 trans-

102 1371 268 1443 forauerit,
290 1374 446 1449 conponat
467 1366 584 1430 solidos
607 1375 678 1442 tres,
700 1375 829 1448 excepto
852 1384 965 1447 operas
987 1372 1018 1427 et
1039 1361 1198 1423 mercedes

106 1474 237 1548 medici3
270 1471 350 1534 etsi
373 1472 418 1532 sic
439 1470 613 1551 plagauerit
634 1477 665 1531 et
685 1490 747 1532 nou
770 1468 1020 1540 transforauerit,
1043 1469 1200 1546 conponat

111 1574 212 1638 solido
232 1594 337 1638 unum.

200 1679 265 1742 103.
307 1677 354 1737 00
377 1677 486 1738 seruus
508 1675 693 1739 rusticanus.
737 1674 768 1737 Si
786 1674 854 1755 quis
870 1693 994 1737 seruum
1010 1683 1199 1746 rusticanum

109 1778 245 1840 alienum
266 1778 392 1860 plagam
411 1779 445 1840 iu
466 1785 559 1858 caput
578 1778 694 1849 iecerit,
716 1787 750 1841 ut
770 1765 875 1839 cutica¹
890 1786 1008 1859 tantum
1029 1785 1200 1859 rumpatur,

109 1900 169 1962 pro
192 1900 255 1942 uua
274 1882 368 1961 plaga
391 1880 435 1942 dit
456 1880 589 1942 solidum
610 1899 714 1951 unum,
736 1899 794 1959 pro
817 1881 894 1942 duas
917 1881 963 1943 011
988 1880 1105 1943 0011000
1128 1881 1200 1954 000,

108 1991 243 2063 excepto
266 2001 379 2063 operas
402 1990 433 2043 et
454 1982 614 2044 mercedes
636 1981 764 2058 medici3
792 1984 817 2044 si
840 2002 915 2044 uero
938 1984 1070 2063 amplius
1092 1984 1200 2065 plagas

107 2087 222 2166 capitis
242 2085 366 2158 fuerint,
387 2105 450 2146 000
471 2092 679 2148 numerentur.
722 2084 754 2144 Si
769 2093 872 2147 autem
887 2104 960 2146 ossa
974 2089 1093 2166 ruperit
1107 2103 1200 2146 uuum

108 2196 166 2251 aut
187 2187 301 2268 plures,
324 2194 480 2267 conponat
502 2186 618 2248 solidos
640 2193 720 2261 tres;
754 2187 885 2266 amplius
907 2206 970 2248 000
991 2195 1201 2254 numerentur.

198 2291 267 2356 104.
310 2289 357 2350 00
378 2289 469 2370 plaga
492 2290 522 2350 10
543 2287 651 2352 100100.
683 2287 713 2348 Si
730 2288 799 2367 quis
815 2308 940 2350 seruum
956 2289 1089 2350 alienum
1104 2291 1202 2353 rusti-

115 2410 225 2453 canum
244 2392 424 2474 plagamiu
446 2390 545 2452 faciae
567 2389 682 2463 fecerit,
705 2401 860 2470 conponat
881 2391 1013 2454 solidum
1036 2412 1152 2458 umum.

199 2496 270 2561 105.
312 2495 359 2554 00
381 2493 470 2555 oculo
492 2492 610 2558 euulso.
659 2493 690 2555 Si
712 2493 780 2573 quis
803 2513 928 2556 seruum
950 2494 1083 2556 alienum
1104 2494 1203 2557 rusti-

111 2615 226 2658 canum
247 2597 370 2658 oculum
398 2596 584 2668 excusserit,
612 2595 808 2657 medietatem
837 2597 947 2676 praetii
975 2598 1089 2679 ipsius,
1118 2602 1201 2681 quod

62 2757 72 2763 .
110 2699 326 2779 adpraetiatus
341 2698 443 2770 fuerit,
465 2698 491 2760 si
514 2717 584 2759 eum
599 2698 766 2770 occidissit,
782 2699 940 2761 domiuum
956 2701 1022 2763 eius
1038 2710 1203 2783 conponat

124 2844 127 2849 >
200 2802 270 2867 100.
313 2800 360 2860 00
381 2819 459 2862 0000
482 2799 613 2862 absciso.
657 2800 688 2860 Si
712 2800 780 2880 quis
803 2820 928 2863 seruum
950 2803 1084 2865 alienum
1105 2806 1204 2867 msti-

110 2920 229 2962 cauum
250 2921 329 2964 0000
353 2902 535 2975 absciderit,
565 2909 720 2982 conponat
747 2903 863 2966 solidos
886 2913 1046 2984 quattuor,
1074 2915 1203 2989 excepto

110 3023 229 3086 operas
251 3012 282 3066 et
303 3005 462 3068 mercedes
484 3004 604 3069 medici.

201 3108 271 3173 107.
314 3107 360 3167 00
382 3125 457 3167 aure
480 3104 610 3168 abscisa.
660 3106 690 3166 Si
714 3107 782 3186 quis
805 3127 930 3170 seruum
952 3111 1087 3174 alienum
1107 3113 1205 3176 rusti-

112 3226 226 3269 canum
242 3227 349 3270 aurem
364 3208 534 3280 absciserit,
555 3214 711 3286 conponat
724 3207 841 3272 solidos
857 3211 928 3284 duo,
947 3222 1076 3294 excepto
1092 3236 1205 3297 operas

113 3318 147 3371 et
166 3310 319 3373 mercedis
342 3310 464 3376 medici.

203 3414 273 3478 108.
315 3413 362 3473 00
383 3415 472 3474 labro
494 3413 629 3475 absciso.
673 3412 703 3472 Si
728 3411 796 3492 quis
819 3431 943 3474 seruum
959 3416 1092 3478 alienum
1106 3420 1206 3481 rusti-

115 3533 229 3576 canum
257 3513 378 3576 labmm
409 3514 596 3591 absciderit,
629 3522 662 3576 01
690 3514 798 3577 dentes
827 3526 1020 3595 appareant,
1052 3532 1208 3602 conponat

117 3616 236 3680 solidos
259 3623 332 3682 tres.

204 3721 276 3784 109.
317 3718 364 3778 00
386 3719 504 3780 000100.
549 3718 579 3779 Si
608 3721 675 3799 quis
704 3740 828 3783 seruum
857 3723 990 3784 alienum
1017 3728 1207 3790 rusticanum

118 3819 243 3881 dentem
271 3821 455 3894 excusserit,
485 3821 536 3901 qui
562 3821 593 3881 iu
620 3823 684 3884 riso
711 3826 849 3904 apparit,
878 3836 1032 3907 conponat
1059 3849 1117 3910 pro
1145 3851 1207 3892 uuo

119 3922 211 3984 deute
233 3923 350 3984 solidos
373 3923 444 3995 duo,
466 3943 523 4002 pro
547 3925 706 3985 maxillare
728 3946 803 3988 uero
826 3929 927 3990 solido
950 3950 1028 4006 000;
1055 3932 1080 3994 01
1104 3939 1209 3994 autem

120 4024 253 4105 amplius
274 4025 397 4096 fuerint,
419 4045 475 4104 per
495 4025 556 4086 hoe
577 4028 699 4088 uomiro
722 4038 943 4109 conponantur.

206 4128 276 4193 110,
318 4127 366 4187 00
396 4126 525 4189 brachio
554 4137 607 4191 aut
632 4148 710 4191 coxa
737 4132 934 4198 transforata.
978 4134 1009 4195 Si
1038 4135 1107 4214 quis
1137 4154 1208 4197 ser-

122 4249 194 4291 uum
216 4230 352 4291 alienum
374 4231 562 4291 rusticanum
590 4231 750 4294 brachium
781 4242 835 4294 aut
861 4254 937 4296 coxa
966 4237 1208 4308 trausiorauerit,
