2574 4710
242 361 408 425 ARECHlS
430 359 577 429 clerte,
593 361 644 422 DE
665 358 853 436 LEBVRllS,
877 381 901 427 c.
925 382 954 429 a.
977 365 1051 429 780.
1139 363 1194 429 181

107 555 138 608 et
159 548 186 609 si
207 547 322 609 iactum
342 547 443 615 fuerit,
466 546 551 626 ipsos
574 546 690 629 solidos
714 552 891 624 percantet
911 547 995 628 ipsas
1011 569 1062 610 res
1084 567 1196 610 reuer-
1219 549 1220 553 ’

107 656 192 711 tatur
209 649 240 710 in
263 657 354 730 parte
374 649 648 729 langobardorum.
691 645 836 709 Similiter
857 655 888 709 et
907 658 998 729 parte
1018 650 1196 731 neapolita-

106 771 220 813 norum
241 751 429 832 perficiatur,

190 857 220 919 5.
261 853 489 934 Exceptuamus
522 871 562 912 ex
593 851 642 914 his
674 851 779 914 omnia
810 853 945 914 fundora
979 854 1018 913 de
1046 853 1192 926 lebun'as,
1219 888 1222 895 ·

106 955 158 1035 qui
187 954 320 1035 pertinet
346 955 386 1016 ad
411 953 512 1034 ipsum
544 953 750 1034 principatum
785 973 976 1034 capuanum,
1008 955 1135 1016 tundata
1164 961 1195 1017 et

105 1057 282 1129 emundata,
311 1064 341 1119 et
361 1057 503 1120 homiues
526 1064 558 1119 et
578 1063 694 1128 terras,
723 1075 803 1135 quae
825 1076 883 1119 uos
904 1053 994 1119 nobis
1017 1057 1194 1137 aliquandiu

48 1170 54 1179 ·
104 1158 278 1223 relaxastis.

189 1263 219 1326 6.
260 1260 299 1321 Et
321 1259 440 1333 omnia,
472 1259 603 1342 quaein
626 1264 715 1338 parte
736 1258 1021 1339 langobardorum¹
1043 1259 1192 1333 uenerint,

103 1380 161 1442 per
181 1361 298 1423 nullum
321 1362 448 1422 modum
470 1371 523 1424 aut
543 1381 600 1441 per
628 1361 851 1442 qualecumque
877 1361 1032 1443 ingenium
1060 1371 1192 1442 querant

103 1464 221 1524 habere
244 1462 485 1525 dominationem
506 1461 699 1544 langobardi.

185 1569 214 1628 7.
261 1565 300 1626 Et
334 1572 434 1627 terras
461 1585 526 1633 'seu
568 1585 711 1638 seruos,.
737 1584 816 1645 quos
853 1565 1036 1647 langobardi
1073 1565 1190 1628 diuisos

101 1665 220 1727 habent
240 1685 310 1726 cum
338 1667 541 1747 neapolitanis
564 1667 770 1748 perscripta,
800 1668 851 1729 uel
877 1686 1072 1748 quocumque
1094 1668 1190 1729 modo

100 1767 263 1829 definitum
289 1769 405 1830 habent
433 1769 512 1831 inter
538 1789 586 1843 se,
614 1770 640 1830 si
665 1769 930 1848 comprehenserit
956 1769 1190 1850 qualiscumque

98 1869 316 1950 neapolitanos
360 1871 471 1932 exinde
507 1891 632 1933 seruum
668 1871 708 1933 ad
748 1878 870 1950 partem
913 1870 1188 1951 langobardorum,

99 1968 269 2051 componat
296 1973 352 2038 sol.
385 1976 461 2048 100;
498 1980 529 2032 et
555 1974 580 2034 si
616 1972 693 2033 alias
727 1972 968 2052 qualescumque
996 1992 1046 2034 res
1078 1973 1190 2033 exinde

100 2072 324 2154 pignerauerit,
353 2081 521 2153 componat
542 2074 580 2133 dc
603 2092 664 2134 una
686 2092 780 2134 causa
806 2081 949 2138 nouem2.
993 2071 1137 2135 Similiter
1159 2082 1189 2136 ct

99 2195 120 2235 a
142 2183 230 2255 parte
252 2177 514 2257 langobardorum
537 2174 688 2255 perficiat.

183 2287 213 2351 8.
257 2280 408 2371 (Quando
422 2268 593 2348 institutum
614 2285 671 2346 luit
691 2286 773 2347 facto
790 2305 808 2346 a
824 2286 907 2351 dom,
931 2285 1051 2348 arechis
1067 2287 1188 2367 glorio-

102 2387 223 2451 sissimo
246 2387 358 2467 ,primo
398 2388 541 2468 princeps
584 2387 849 2468 langobardorum
886 2406 955 2448 cum
989 2395 1110 2467 partem
1146 2390 1185 2450 de

102 2489 256 2569 neapolim
278 2498 309 2551 et
329 2489 486 2550 firmatum
508 2496 564 2562 est,
588 2489 719 2571 qualiter
739 2489 818 2550 inter
831 2496 936 2568 partes
952 2509 1021 2551 esse
1038 2490 1185 2551 deberent

99 2592 137 2652 dc
159 2581 250 2654 terris
272 2590 303 2651 iu
324 2591 444 2664 liburia,
467 2592 506 2651 de
527 2589 625 2652 seruis
647 2587 677 2651 et
703 2591 741 2651 de
763 2589 889 2663 ancillis,
913 2591 956 2651 de
973 2591 1183 2654 tertiatoribus

97 2703 128 2755 et
156 2694 196 2753 de
224 2692 367 2754 omnibus
396 2692 513 2764 causis,
549 2692 735 2772 transgressi
767 2700 837 2754 suut
865 2692 1054 2772 neapolitani
1081 2693 1182 2772 ipsum

94 2802 220 2874 pactum
252 2803 283 2856 et
313 2794 477 2855 noluerunt
508 2795 547 2855 de
573 2794 723 2855 ¹omnibus
755 2793 920 2873 praedictis
951 2798 1044 2858 rebus
1070 2795 1183 2856 uiuere
1245 2819 1247 2822 ’

94 2898 264 2959 secuudum
286 2895 368 2975 pacti
392 2896 543 2971 tinorem3
569 2895 654 2957 nullo
682 2896 775 2956 modo
803 2897 1013 2959 consensimus
1036 2897 1064 2957 ei
1085 2896 1180 2982 illud.)

179 3019 209 3082 9.
259 3015 292 3076 Si
324 3015 391 3096 quis
412 3015 635 3096 ,langobardus
667 3016 763 3077 habet
797 3024 994 3096 comparatas
1022 3023 1120 3077 terras
1149 3016 1179 3077 in

92 3117 220 3190 liburia,
260 3125 290 3180 et
323 3100 453 3180 cartulas
486 3117 650 3197 emptionis
679 3116 789 3177 exinde
821 3118 1008 3189 ostenderit,
1047 3123 1077 3177 et
1104 3135 1178 3196 pars

91 3219 363 3300 neapolitanorum
381 3219 582 3280 intentionem
595 3219 667 3287 inde
682 3218 808 3291 miserit,
830 3218 909 3279 iuret
923 3239 942 3279 a
956 3226 1045 3297 parte
1063 3217 1178 3298 lango-

93 3322 264 3383 bardorum
285 3330 348 3384 tres
371 3321 512 3383 homines
536 3322 575 3381 de
597 3339 652 3382 sex
673 3320 862 3390 hominibus,
886 3319 992 3400 quales
1008 3338 1081 3399 pars
1097 3340 1177 3380 nea-

91 3423 300 3503 politanorum
322 3424 497 3505 quesierint,
521 3422 726 3502 dicentes'per
745 3430 986 3483 sacramentum:
1010 3421 1102 3500 „quia
1117 3422 1175 3483 ista

92 3525 229 3587 cartulae
261 3545 388 3588 ueraccs
422 3534 523 3592 sunt.⁴‘
576 3524 615 3585 Et
649 3524 759 3589 deinde
799 3543 872 3603 pars
910 3523 1198 3603 langobardorum

90 3628 223 3688 retineat
244 3627 301 3689 sibi
324 3628 517 3700 duassortcs
534 3626 572 3685 de
586 3626 708 3687 hisdem
722 3625 828 3700 terris;
852 3644 944 3685 unam
966 3644 1039 3704 pars
1059 3624 1174 3704 lango-

90 3730 271 3800 bardorum,
294 3728 385 3789 aliam
402 3749 459 3808 pro
480 3727 555 3808 ipsis
577 3727 684 3788 solidis
707 3727 802 3802 datis;
824 3727 946 3788 tertiam
962 3745 1036 3786 uero
1051 3736 1172 3805 partem

89 3830 243 3893 consentit
263 3830 334 3889 inde
355 3829 473 3890 habere
498 3838 617 3910 partem
639 3829 916 3909 neapolitanorum,
1085 3833 1087 3836 ’

172 3933 223 3997 to.
267 3931 315 4015 [st
335 3952 411 3994 nero
428 3953 507 4012 pars
529 3928 804 4015 neapolitanorum]
834 3932 966 3993 cartulas
997 3930 1170 4002 ostenserit,

90 4054 166 4114 quas
189 4034 234 4096 eis
258 4034 456 4113 quiscumque
482 4034 577 4095 homo
604 4033 728 4096 fecisset
749 4034 788 4093 de
814 4033 902 4096 terris
929 4033 959 4093 in
989 4032 1112 4093 liburia:
1144 4032 1169 4094 si

89 4219 108 4288 ¹)
128 4223 233 4290 corripe
252 4220 491 4291 neapolitanorum.
566 4218 585 4288 ²)
607 4218 656 4287 cfr.
675 4220 750 4274 aare.
770 4218 833 4272 246.
852 4219 915 4275 250.
936 4217 997 4270 343.
