2574 4710
106 455 112 459 μ
139 373 181 438 58
356 369 523 434 EDICTVS
544 371 827 440 nonnam-cnr.
851 375 1026 441 tet-304.

223 559 300 622 292·
344 556 391 617 lle
418 556 513 618 uitem
541 576 682 620 unarum.
742 558 773 620 Si
802 561 871 638 quis
897 560 993 622 uitem
1023 560 1243 640 expoliauerit,

138 659 170 720 id
198 665 246 721 est
272 657 436 720 aminiculo
466 659 568 721 tulerit
595 678 689 739 super
718 667 781 722 tres
809 668 863 722 aut
890 667 1050 742 quattuor,
1081 670 1243 742 conponat

139 760 260 823 solidos
284 778 348 822 sex.
674 824 682 835 ‚

222 863 292 928 293.
334 861 381 922 De
408 864 481 942 palo
509 864 592 944 quod
623 871 670 926 est
699 864 849 925 carracio.
902 865 933 926 Si
966 866 1034 946 quis
1063 865 1171 951 palum
1200 866 1239 926 de

137 965 200 1027 uite
222 963 333 1036 tulerit,
358 973 517 1043 conponat
538 964 655 1027 solidbs
678 984 743 1027 sex.

165 1082 167 1085 ’
222 1068 294 1131 294.
337 1066 384 1126 De
406 1066 469 1127 uite
490 1065 597 1131 incisa.
623 1067 682 1128 -Si
705 1069 774 1147 quis
796 1068 891 1135 uitem
914 1069 953 1130 de
974 1086 1036 1130 una
1057 1068 1147 1132 lossa
1170 1077 1236 1132 asto

136 1167 347 1248 capellaucrit,
371 1175 529 1248 conponat
550 1167 651 1230 solido
674 1187 747 1235 uno.

226 1273 298 1336 295.
346 1269 393 1330 De
421 1269 570 1332 trauicem
599 1270 679 1336 uitis.
739 1271 770 1332 Si
798 1272 866 1352 quis
895 1272 1045 1334 trauieem
1074 1273 1114 1334 de
1144 1273 1234 1334 uitem

36 1425 38 1429 ,
136 1371 286 1445 inciderit,
309 1380 466 1451 conponat
488 1372 591 1433 medio
615 1373 726 1438 solido.

220 1477 291 1540 296.
335 1473 382 1534 De
403 1476 492 1540 ubas.
536 1474 569 1536 si
591 1474 659 1554 quis
683 1494 777 1555 super
798 1483 861 1538 tres
884 1495 961 1537 uuas
979 1477 1019 1536 de
1041 1475 1135 1538 uinea
1158 1475 1231 1536 alie-

136 1596 210 1638 nam
232 1575 344 1647 tulerit
368 1584 525 1655 conponat
539 1575 658 1638 solidos
681 1595 751 1652 scx3
773 1596 847 1638 nam
869 1576 897 1638 si
918 1596 1016 1657 usque
1039 1585 1102 1640 tres
1126 1577 1233 1649 tulerit,

136 1678 220 1741 nulla
241 1676 289 1756 sit'
301 1677 345 1738 illi
362 1666 465 1757 culpa.
752 1758 755 1763 ν
774 1744 778 1750 ,

220 1783 293 1846 297.
336 1780 382 1839 De
405 1780 638 1845 ambulatorias.
688 1779 719 1840 si
746 1766 814 1859 puis
842 1781 1013 1860 pastoriam
1045 1781 1084 1840 de
1113 1780 1232 1842 caballo

135 1880 238 1942 alieno
260 1881 371 1953 tulerit,
394 1889 551 1960 conponat
573 1881 691 1944 solidos
714 1901 779 1946 sex.

221 1983 292 2048 298.
335 1982 382 2042 De
404 1983 549 2063 capistro.
593 1983 625 2044 Si
648 1982 716 2062 quis
739 1981 906 2062 capistrum
922 1984 961 2044 de
983 1983 1104 2044 caballo
1124 1983 1234 2054 tulerit,

135 2093 295 2165 conponat
316 2084 436 2147 solidos
458 2105 524 2152 sex.

221 2190 293 2253 299.
336 2187 382 2247 De
398 2187 481 2249 retis.
514 2187 546 2249 Si
562 2187 629 2267 quis
646 2196 727 2250 retes
744 2187 861 2249 alienas
877 2193 930 2248 aut
949 2205 1061 2248 nassas
1076 2185 1235 2259 leuauerit,

135 2297 190 2350 aut
210 2288 242 2349 in
262 2288 398 2368 piscaria
420 2289 523 2351 aliena
544 2289 645 2370 pisces
668 2290 785 2362 tulerit,
809 2295 967 2368 conponat
988 2288 1107 2350 solidos
1129 2295 1204 2352 tres.

219 2393 291 2456 300.
335 2391 381 2451 De
404 2391 578 2456 arboribus.
631 2392 663 2453 Si
691 2391 758 2471 quis
787 2410 903 2453 rouore
931 2397 984 2451 aut
1012 2409 1150 2460 cerrum,
1181 2409 1235 2451 seu

135 2511 284 2572 quercum
301 2493 384 2572 quod
401 2501 449 2555 est
464 2494 601 2567 modola,
624 2493 723 2555 hisclo
740 2495 823 2574 quod
840 2500 887 2556 est
908 2494 1001 2574 fagia,
1023 2492 1104 2553 inira
1127 2511 1235 2572 agrum

20 2628 24 2635 ·
137 2593 271 2655 alienum
300 2602 353 2656 aut
381 2594 532 2656 culturam
561 2614 617 2657 seu
639 2595 830 2666 clausuram,
864 2594 1004 2655 uicinos¹
1034 2595 1073 2656 ad
1101 2593 1234 2654 uicinum

135 2695 285 2769 inciderit,
308 2705 468 2775 conponat
487 2716 545 2777 per
560 2700 706 2758 arborem
721 2696 880 2759 tremisses
903 2697 992 2760 duos.
1024 2695 1103 2756 Nam
1119 2697 1235 2758 iterans

135 2796 232 2859 homo
256 2797 281 2860 si
303 2805 433 2878 propter
454 2797 614 2861 utilitatem
631 2819 719 2862 suam
742 2799 818 2861 foris
835 2798 1010 2874 clausuram
1025 2796 1234 2876 capellaucrit‚

136 2918 199 2960 non
222 2899 262 2961 sit
283 2898 453 2979 culpauilis.

219 3002 292 3066 301.
336 3001 368 3061 Si
390 3001 457 3081 quis
481 3009 635 3074 castenea‚
658 3021 745 3074 nuce,
773 3020 850 3081 pero
875 3010 927 3063 aut
949 3002 1062 3069 melum
1084 3000 1234 3076 inciderit,

136 3110 294 3182 conponat
314 3102 415 3164 solido
438 3123 512 3169 uno.

219 3206 291 3270 302.
334 3204 381 3264 lle
403 3204 528 3272 oliuam.
573 3204 605 3266 Si
627 3206 694 3286 quis
718 3206 801 3268 oliuo
831 3203 1030 3286 capellauerit
1057 3210 1110 3266 aut
1132 3203 1234 3266 succi-

135 3305 223 3378 derit,
247 3315 405 3387 conponat
427 3306 545 3369 solidos
567 3315 640 3374 tres.

219 3411 291 3474 303.
336 3408 367 3468 Si
395 3408 491 3470 bomo
521 3414 575 3470 aul
607 3408 751 3488 quislcuit
779 3408 916 3488 peculius
946 3409 977 3468 in
1005 3427 1080 3488 sepe
1107 3407 1233 3470 alterius

134 3516 219 3571 texta
242 3529 311 3571 cum
334 3509 436 3570 uimen
459 3529 493 3572 se
515 3510 675 3591 inpegerit,
698 3517 729 3570 θῖ
750 3517 889 3571 mortuus
914 3517 966 3570 aut
981 3510 1118 3590 aliquam
1135 3510 1235 3572 lesio-

134 3630 206 3672 nem
228 3630 341 3692 passus
363 3611 469 3684 fucrit,
499 3620 569 3674 tunc
589 3612 640 3672 ille
664 3611 715 3692 qui
738 3630 845 3691 sepem
872 3612 974 3690 ipsam
996 3612 1069 3672 fecit
1091 3618 1121 3672 θῖ
1144 3619 1237 3691 caput

134 3713 285 3774 maiorem
314 3720 367 3775 aut
395 3714 547 3776 minorem
570 3715 609 3774 dc
632 3712 734 3774 uimen
756 3712 832 3775 foris
855 3712 984 3789 dimisit,
1014 3714 1082 3792 ipse
1104 3713 1144 3776 sit
1167 3714 1236 3775 cul-

132 3815 252 3895 pauelis
274 3815 434 3878 homicidii
456 3824 509 3878 aut
529 3815 666 3880 lesionis.

226 3920 298 3984 304.
353 3917 385 3978 Si
417 3917 554 3980 cauallus
589 3925 642 3979 aut
675 3916 819 3996 quislibet
856 3917 994 3996 peculius
1027 3918 1058 3977 in
1092 3919 1236 3980 clausura

136 4019 263 4082 alterius
285 4020 366 4083 intus
391 4020 564 4083 saliendum
586 4038 620 4081 se
641 4018 836 4097 inpalauerit,
858 4037 921 4080 non
937 4019 1086 4081 reddatur
1109 4022 1236 4101 abipso

137 4120 222 4183 cuius
246 4141 353 4201 sepem
376 4129 439 4184 est:
467 4127 498 4182 θῖ
520 4122 545 4183 si
570 4122 609 4181 ab
636 4119 717 4180 infra
739 4119 769 4179 in
791 4118 868 4181 loris
896 4119 1011 4182 salierit
1032 4130 1064 4182 et
1085 4141 1119 4184 sc
1141 4122 1237 4203 inpa-

135 4243 154 4312 1)
174 4243 219 4297 Sic
239 4246 298 4298 cod.
325 4243 504 4298 Vercettenu's.
