2574 4710
312 337 479 402 unlcrvs
501 339 680 402 ROTHARI
702 340 785 407 CAP.
807 343 985 408 201-209.
1160 342 1201 404 43

88 533 153 588 aut
194 524 355 586 mulierem
389 524 521 587 liberam
553 545 610 605 per
644 526 774 606 qualibit
813 525 1009 587 occasionem
1045 525 1200 597 occiderit,

94 634 262 707 conponat
284 625 402 688 solidos
418 626 501 687 mille
518 627 699 698 duocentds‚
723 626 923 689 medietatem
938 627 1129 707 parentibus,
1145 636 1201 688 aut

93 730 141 792 ad
166 747 261 810 quem
284 728 427 790 mundius
451 728 489 789 de
511 727 580 807 ipsa
601 727 749 808 pertenit,
772 737 803 790 et
825 729 1024 790 medietatem
1045 729 1120 810 regi.
1163 729 1202 790 Et

97 832 127 895 si
148 837 297 911 parentes
313 849 376 891 non
390 829 544 902 habuerit,
566 838 640 891 tunc
653 830 723 910 ipsa
737 831 910 909 conpositio
931 813 963 891 in
983 831 1138 912 integrum
1161 830 1201 892 ad

95 941 223 995 curtem
249 931 330 1012 regis
358 931 537 1011 perueniat;
572 931 616 993 sic
637 941 761 1007 tamen,
790 934 817 994 si
846 938 915 994 asto
945 932 1065 1011 animo,
1094 933 1125 992 id
1155 942 1203 995 est

100 1034 300 1096 uolontariae
322 1033 472 1096 occiserit.

187 1139 261 1202 202.
305 1135 337 1196 Si
362 1135 472 1196 mulier
493 1134 525 1195 in
547 1142 648 1196 morte
671 1134 772 1197 mariti
794 1134 842 1196 sui
858 1134 1067 1197 consiliauerit
1089 1155 1145 1215 per
1167 1155 1201 1199 se

97 1244 157 1298 aut
178 1257 236 1317 per
265 1237 429 1317 supposita
450 1255 602 1315 persona,
632 1236 671 1298 sit
692 1237 724 1296 in
752 1244 939 1316 potestatem
968 1236 1068 1296 mariti
1095 1238 1134 1297 de
1164 1256 1202 1299 ea

99 1339 207 1400 facere
230 1339 315 1418 quod
338 1338 486 1412 uoluerit;
509 1337 600 1399 simul
622 1346 653 1398 et
675 1339 714 1398 de
736 1358 786 1400 res
809 1338 905 1417 ipsius
927 1337 1073 1404 mulieris.
1122 1339 1201 1399 Nam

102 1441 131 1503 si
151 1441 205 1502 illa
226 1440 404 1522 negauerit,
433 1438 524 1500 liceat
545 1439 726 1519 parentibus
755 1459 826 1501 eam
853 1439 1041 1520 pureficare,
1071 1449 1124 1502 aut
1146 1460 1202 1520 per

103 1549 344 1615 sacramentum,
367 1548 420 1602 aut
441 1560 497 1619 per
519 1539 716 1614 camfionem,
738 1542 770 1601 id
792 1551 840 1604 est
861 1561 918 1620 per
939 1561 1053 1623 pugna.

188 1664 260 1728 203.
282 1732 285 1736 ,
306 1661 337 1721 Si
359 1661 469 1722 mulier
492 1661 636 1723 maritum
656 1681 747 1724 suum
766 1661 920 1734 occiderit,
943 1661 1012 1742 ipsa
1034 1661 1201 1733 occidatur,

103 1771 136 1825 et
165 1782 215 1825 res
251 1763 334 1835 eius,
366 1764 392 1826 si
414 1762 468 1823 filii
493 1782 565 1823 non
593 1763 722 1835 luerint,
756 1771 901 1843 parentes
936 1764 1036 1824 mariti
1064 1763 1203 1824 habeant

101 1871 303 1944 potestatem.

189 1968 276 2031 ‘204⁴
306 1965 387 2025 Nulli
414 1966 533 2026 mulieri
561 1965 677 2025 liberae
711 1967 768 2027 sub
803 1967 889 2045 regni
922 1967 1021 2028 nostri
1054 1966 1201 2027 ditionem

101 2067 180 2146 legis
203 2066 470 2147 langobardorum
493 2068 647 2128 uiuentem
669 2066 760 2127 liceat
781 2067 813 2126 in
835 2068 882 2127 sui
904 2074 1092 2147 potestatem
1115 2068 1203 2128 arbi-

101 2169 208 2241 trium,
228 2168 261 2228 id
285 2177 333 2230 est
354 2168 550 2249 selpmnndia
571 2169 686 2245 uiuere,
709 2168 767 2229 nisi
788 2187 913 2247 semper
935 2171 991 2230 sub
1013 2177 1203 2247 potestatem

104 2269 246 2330 uirorum
273 2277 327 2331 aut
353 2279 437 2332 certe
464 2271 544 2351 regis
568 2270 681 2330 debeat
709 2288 908 2348 permanere3
936 2289 993 2330 nec
1020 2269 1135 2349 aliquid
1164 2270 1202 2329 de

106 2389 158 2433 res
180 2371 312 2434 mobiles
334 2380 387 2434 aut
401 2372 563 2433 inmobiles
586 2370 652 2432 sine
668 2370 829 2432 uoluntate
850 2370 941 2444 illius,
963 2371 993 2430 in
1010 2370 1094 2432 cuius
1108 2391 1202 2431 mun-

105 2471 191 2534 dium
212 2473 315 2546 iuerit
336 2473 452 2536 habeat
473 2482 663 2554 potestatem
685 2472 821 2534 donandi
843 2480 897 2534 aut
918 2471 1082 2537 alienandi.

169 2597 264 2659 ·205.
307 2593 354 2654 De
379 2593 486 2655 haldia
509 2593 702 2682 uiolentiata.
746 2593 776 2654 Si
800 2594 866 2674 quis
893 2593 1031 2655 haldiam
1060 2594 1202 2669 alienam,

102 2697 137 2756 id
161 2703 209 2757 est
232 2695 283 2776 qui
304 2696 367 2756 iam
390 2696 429 2755 de
452 2704 552 2756 matre
572 2695 671 2756 libera
692 2703 766 2757 nata
789 2704 853 2768 est,
883 2696 1063 2758 uiolentiam
1086 2696 1201 2769 fecerit,

103 2804 266 2877 conponat
287 2796 404 2859 solidos
428 2796 641 2877 quadraginta.

192 2920 265 2983 200.
308 2918 354 2977 De
376 2916 487 2976 liberta
509 2915 698 2981 uiolentiata.
749 2917 780 2978 Si
803 2917 870 2997 quis
893 2917 1037 2980 libertam
1059 2917 1202 2990 alienam,

102 3020 138 3080 id
161 3026 210 3081 est
230 3019 300 3098 ipsa
321 3038 467 3097 persona,
490 3018 543 3098 qui
563 3018 661 3079 libera
684 3018 813 3081 dimissa
836 3027 894 3091 est,
916 3019 1064 3080 uiolentia
1086 3019 1201 3095 lecerit,

106 3130 266 3200 conponat
288 3120 406 3182 solidos
429 3120 551 3200 cigenti.

192 3226 278 3289 207.<
307 3222 354 3282 De
377 3221 487 3282 ancilla
509 3220 698 3284 uiolentiata.
750 3219 780 3280 Si
802 3221 870 3301 quis
898 3220 1041 3281 ancillam
1069 3220 1202 3281 alienam

106 3324 347 3397 uiolentiauerit,
370 3329 525 3403 conponat
547 3321 664 3406 solidos
688 3320 810 3400 uigenti.

193 3445 266 3510 208.
309 3445 356 3502 De
378 3452 477 3522 raptu.
522 3442 553 3502 Si
576 3440 646 3521 quis'
671 3441 808 3519 rapuerit
834 3439 972 3500 haldiam
1001 3439 1144 3516 alienam,
1173 3449 1204 3502 et

104 3547 138 3606 'in
162 3554 248 3606 curte
271 3545 396 3606 alterius
420 3543 553 3620 duxerit,
585 3551 615 3605 et
636 3561 770 3622 sequens
798 3541 942 3603 dominus
973 3546 1025 3602 a'ut
1055 3550 1201 3621 parentes

107 3649 190 3710 eius:
214 3655 244 3708 et
267 3647 314 3707 cui
337 3646 431 3707 curtis
453 3645 555 3721 luerit,
579 3644 771 3707 antestcterit
792 3651 822 3704 et
848 3663 913 3704 non
934 3644 1108 3724 permiserit
1131 3645 1203 3705 nin-

108 3749 213 3810 dicare
245 3755 299 3810 aut
328 3748 404 3809 foris
434 3747 613 3823 extrahere,
653 3753 809 3825 conponat
837 3745 954 3808 solidos
990 3754 1203 3827 quatragenta‚

110 3851 309 3912 medietatem
330 3850 396 3929 regi
418 3857 449 3910 et
470 3848 668 3912 medietatem
690 3848 736 3908 cui
758 3847 850 3910 fuerit
871 3847 991 3913 liberta.

193 3973 265 4036 209.
308 3970 356 4029 De
378 3968 490 4030 ancilla
510 3975 611 4049 rapta.
653 3968 685 4028 Si
707 3967 775 4048 quis
798 3967 935 4047 rapuerit
957 3969 1101 4030 ancillam
1123 3969 1203 4030 alie-

53 4091 57 4099 ·
111 4090 197 4144 nam,
224 4079 256 4133 et
276 4071 309 4131 in
331 4078 416 4131 curte
440 4070 564 4132 alterius
592 4069 730 4142 duxerit,
753 4077 784 4132 et
812 4088 947 4148 sequens
978 4070 1121 4140 dominus
1150 4079 1204 4132 aut

106 4179 254 4250 parentes
279 4173 359 4234 eius:
383 4179 413 4234 et
435 4173 484 4234 cui
506 4171 599 4234 curtis
622 4180 669 4236 est
692 4171 885 4234 antesteterit
906 4178 936 4234 et
951 4191 1014 4233 non
1029 4172 1203 4251 permiserit
