2574 4710
158 383 217 449 158
326 425 330 434 -
426 380 592 443 EDlCTVS
613 380 979 447 LANGOBARDORVM.

155 567 252 628 homo
281 565 504 626 adunationem
533 583 603 625 cum
630 573 777 646 quattuor
799 565 848 626 uel
877 565 1016 646 quinque
1037 572 1092 626 ant
1120 563 1232 644 amplios

154 667 302 729 hominis
318 666 443 744 fecerit,
479 666 609 727 dicendo
641 666 725 746 quod
757 666 949 728 uoluntatem
977 665 1068 727 iudici
1098 684 1155 728 suo
1184 686 1231 730 non

155 769 248 830 saciat
278 788 358 850 qnae
386 768 437 828 ille
464 768 493 829 ei
520 776 603 829 recte
633 756 759 840 dixerit,
793 769 908 830 autad
931 769 997 830 eius
1021 767 1232 830 indiciumnou

157 872 262 944 uadat,
285 870 445 932 confidens
468 868 499 929 in
521 869 649 932 alicuius
672 870 856 949 patrocinio,
870 855 910 931 'et
931 870 1009 932 alios
1032 869 1114 931 circa
1135 889 1169 932 se
1186 871 1232 932 ad-

157 992 287 1054 gregare
302 971 436 1034 uoluerit
447 981 479 1033 ut
490 971 548 1061 ipsi
561 971 702 1033 similiter
715 973 841 1049 faciant,
857 979 1015 1053 conponat
1026 963 1103 1033 sicut
1115 971 1233 1034 anterior

156 1074 295 1136 edictus¹
319 1075 358 1135 de
386 1072 569 1136 seditionem
597 1081 705 1134 contra
726 1074 827 1135 iudice
850 1095 908 1137 suo
930 1075 1067 1136 leuatam
1092 1075 1233 1135 continere

155 1177 288 1241 uidetur.
333 1176 364 1236 Si
379 1195 462 1238 ,nero
486 1174 525 1235 de
548 1193 643 1238 causa
665 1176 746 1257 regis
771 1176 886 1256 aliquid
909 1175 1013 1237 dicere
1035 1175 1180 1249 uoluerit,
1205 1178 1250 1239 sit'

138 1278 184 1339 .ei
216 1279 373 1340 licentiam
405 1277 591 1338 ueniendum
624 1277 663 1339 ad
697 1279 864 1358 palatium3
897 1285 929 1339 et
957 1277 999 1351 si,
1032 1296 1129 1358 super
1159 1297 1262 1358 quem¹

156 1380 276 1452 dixerit,
309 1379 473 1440 ueritatem
506 1380 739 1459 adprouauerit,
772 1380 811 1442 sit
843 1381 1068 1458 condemnatus
1107 1379 1154 1440 cui
1186 1379 1237 1440 ad-

155 1481 350 1561 prouauerit,
391 1489 421 1542 et
458 1480 607 1560 suscipiat
643 1483 830 1544 sententiam
866 1483 1037 1544 secundum
1072 1480 1237 1561 qualitatem

156 1603 265 1664 cause,
309 1583 388 1645 sicut
430 1582 567 1644 anterior
610 1583 727 1647 edictus
765 1584 914 1659 contenit;
959 1592 989 1645 et
1024 1583 1051 1645 si
1088 1583 1236 1645 ueritatem
1276 1584 1279 1605 ’

157 1686 333 1764 adprouare
350 1670 353 1675 ⁸
368 1704 431 1744 non
475 1685 626 1764 potuerit,
669 1685 725 1747 fiat
761 1687 789 1748 ei
831 1688 922 1748 datus
960 1687 990 1746 in
1032 1684 1146 1747 manus
1180 1703 1235 1746 cun
1277 1670 1279 1705 ³

155 1789 248 1848 rebus
289 1786 368 1858 suis,
415 1794 445 1848 et
480 1786 574 1847 faciat
610 1787 650 1847 de
688 1775 734 1848 eo¹
767 1789 852 1867 quod
892 1788 1035 1854 uoluerit.
1097 1786 1233 1849 Violentia

157 1888 298 1968 quidem,
333 1887 359 1949 si
392 1888 570 1950 sustinuerit
603 1889 718 1969 aliquid
752 1897 805 1950 aut
837 1910 855 1950 a
889 1890 1020 1951 iudicem
1055 1909 1163 1963 suum,
1194 1897 1233 1951 aut
1276 1878 1279 1885 ¹

156 1993 195 2051 ab
226 1990 320 2052 alium
348 1990 524 2062 hominem,
553 1998 583 2050 et
607 1990 700 2052 iudex
727 1990 894 2072 neglexerit
922 1990 1074 2064 iudicare,
1105 1991 1235 2054 forsitans

156 2093 329 2166 adtenderit
351 2093 391 2153 ad
413 2091 600 2174 gasindium,
630 2092 681 2154 uel
703 2094 743 2154 ad
771 2101 947 2172 parentem,
975 2101 1029 2155 aut
1051 2094 1092 2154 ad
1120 2092 1237 2154 amicum

156 2214 255 2266 suum,
278 2195 328 2254 uel
343 2194 382 2255 ad
405 2195 568 2276 premium,
592 2203 622 2256 et
637 2194 736 2274 legem
753 2215 817 2255 non
838 2194 1035 2256 indicauerit:
1058 2202 1133 2256 tunc
1147 2193 1237 2256 ueniat
1277 2250 1279 2257 .

156 2297 195 2356 ad
218 2296 345 2375 palatio,
376 2304 406 2356 et
428 2296 569 2357 reclamit
590 2315 646 2357 sua
668 2296 831 2371 uiolentia;
860 2304 891 2358 et
913 2295 939 2358 si
959 2305 1128 2375 pronatum
1149 2294 1237 2368 fuerit,

155 2418 218 2458 non
241 2405 427 2478 conputetur
447 2397 478 2457 in
501 2397 722 2460 adunationem
742 2399 769 2458 ei
791 2398 843 2478 qui
864 2397 1082 2477 proclamauit,
1106 2399 1161 2461 sed
1180 2397 1237 2478 ipsc

154 2499 248 2559 iudex
264 2506 422 2578 conponat
437 2499 578 2579 uuirigild
595 2520 694 2571 suum,
712 2500 911 2561 medietatem
926 2500 991 2580 regi
1006 2508 1037 2561 et
1052 2499 1237 2578 medietatem
1277 2492 1279 2499 ’

155 2604 182 2661 ci
200 2601 248 2661 cui
269 2601 415 2665 iustitiam
440 2601 612 2681 deneganit,
636 2609 667 2662 et
687 2602 809 2662 honore
825 2622 882 2664 suo
899 2601 1030 2666 amittat.
1062 2601 1236 2663 Arimanuus
1277 2674 1279 2681 Ι

158 2703 284 2782 quidem
306 2701 372 2773 ille,
400 2701 426 2763 si
449 2702 603 2763 mentierit
624 2711 655 2764 et
676 2703 807 2765 dolosae
828 2703 889 2764 hoc
911 2703 1035 2776 dixerit,
1058 2703 1137 2765 etsi
1159 2710 1237 2766 antea
1277 2724 1279 2761 t

154 2803 275 2864 uenerit
296 2804 335 2864 ad
358 2803 517 2882 palatium,
541 2824 634 2884 quam
658 2806 698 2866 ad
720 2804 853 2865 indicem
876 2824 964 2867 snum
988 2805 1084 2866 uadat
1104 2805 1143 2866 ad
1165 2804 1237 2866 iudi-

155 2905 250 2965 cium:
274 2904 299 2966 si
319 2905 462 2968 habuerit
476 2908 559 2967 unde
574 2926 761 2986 conponere.
785 2917 941 2986 conponat
957 2907 1074 2983 solidos
1091 2907 1237 2988 qninqua-

155 3007 247 3087 ginta,
271 3006 469 3069 medietatem
491 3008 557 3090 regi
579 3016 610 3069 et
632 3008 831 3070 medietatem
853 3008 944 3069 iudici
965 3029 1034 3077 sno.
1070 3009 1109 3071 Et
1132 3009 1158 3072 si
1179 3008 1237 3070 talis

154 3109 251 3170 horno
279 3109 386 3182 luerit,
418 3110 501 3189 quod
524 3129 587 3170 non
609 3110 754 3171 hahuerit
776 3110 858 3170 unde
878 3129 1072 3190 conponere,
1104 3110 1237 3191 suscipiat
1277 3142 1279 3163 ι

155 3210 330 3291 disciplina,
360 3212 489 3291 ut'ipse
516 3213 700 3274 emendatus
729 3211 797 3286 fiat,
825 3223 855 3273 et
883 3212 933 3273 alii
965 3213 1027 3275 hoo
1055 3213 1161 3275 facere
1185 3231 1237 3298 non

154 3323 345 3393 presumant.

242 3416 288 3480 ll.
322 3413 386 3480 Vll.
410 3414 441 3476 Si
464 3415 533 3494 quis
556 3433 683 3477 causam
706 3415 831 3478 alterius
850 3434 943 3496 agere
959 3423 1012 3477 aut
1026 3435 1158 3479 causare
1171 3433 1239 3497 pre-

154 3515 321 3595 sumpserit
341 3517 372 3577 in
401 3516 557 3595 presentia
583 3516 649 3597 regi
678 3524 732 3579 aut
760 3517 866 3591 indici,
896 3525 1026 3598 excepto
1057 3517 1083 3580 si
1112 3537 1169 3579 rex
1196 3521 1242 3578 aut

154 3620 249 3680 iudex
270 3617 426 3678 licentiam
449 3618 570 3680 dederit
591 3619 630 3679 de
652 3619 746 3679 uidua
768 3626 821 3680 ant
843 3619 882 3680 de
909 3619 1021 3681 orfano
1051 3627 1106 3681 aut
1126 3621 1167 3681 de
1188 3618 1241 3681 talc

154 3720 312 3781 hominem
336 3719 388 3799 qui
410 3738 537 3782 causam
560 3740 649 3782 suam
671 3740 765 3801 agere
779 3740 842 3781 non
864 3722 953 3801 potit,
976 3730 1135 3802 conponat
1150 3720 1242 3783 uuiri-

155 3821 217 3902 gild
244 3840 334 3908 suo,
354 3821 550 3883 medietatem
579 3823 645 3902 regi
675 3833 706 3895 et
735 3823 932 3903 medietatem
962 3823 990 3883 ei
1018 3831 1129 3885 contra
1157 3840 1242 3904 quem

54 4008 57 4014 Ι
155 3922 339 3987 causauerit.
368 3923 405 3985 Et
421 3924 447 3986 si
461 3924 542 3986 t'orte
557 3923 668 4004 aliquis
683 3943 740 4004 per
761 3924 989 4004 simplicitatem
1011 3944 1140 3987 causam
1161 3941 1244 3986 suam
1277 3916 1279 3920 ’

155 4044 248 4106 agere
263 4025 370 4098 nescit,
392 4026 495 4088 ueniat
511 4028 551 4087 ad
566 4025 691 4106 palatio,
714 4036 745 4087 et
760 4025 786 4087 si
801 4046 857 4086 rex
872 4038 923 4089 aut
938 4027 1031 4088 iudex
1050 4025 1244 4107 praeuiderit,

156 4128 240 4207 quod
263 4127 379 4190 ueritas
402 4127 449 4201 sit,
474 4137 545 4189 tunc
567 4128 595 4188 ei
617 4130 692 4189 dare
715 4129 825 4191 debeat
848 4128 1017 4207 hominem,
1045 4129 1098 4209 qui
1121 4145 1244 4190 causam

156 4242 176 4310 ¹)
196 4241 295 4309 liutpr.
315 4238 359 4292 35.
