2574 4710
162 335 221 400 106
283 331 519 397 LlV'l'PRANDl
540 331 664 394 LEGES
685 332 780 393 ANNI
801 333 870 399 llll.
893 332 975 395 GAP.
997 335 1131 399 54-56.

201 573 216 580 r,
243 518 339 583 541.
382 518 428 579 De
449 517 693 597 possessionem.
743 517 776 578 Si
796 517 865 598 quis
895 517 1045 579 cartolam
1072 519 1251 584 donationis

159 639 216 700 per
242 619 415 701 gairethinx
439 619 521 680 facta
537 627 601 701 ⁴aut
620 638 678 699 per
699 627 876 698 susceptum
897 619 1058 701 launigild‚
1091 621 1144 682 uel
1170 621 1251 684 forte

159 722 381 801 conparatione
403 721 583 798 ostenderit,
603 728 640 782 et
655 739 706 782 res
726 719 812 800 ipsas
833 721 916 782 unde
930 721 1039 804 legitur
1053 742 1118 784 non
1130 743 1251 805 posse-

159 823 248 895 derit,
270 831 301 886 et
321 823 433 886 dixerit
454 824 538 905 quod
561 825 589 885 ei
610 821 780 884 munimem
801 844 890 885 sunm
906 826 1103 887 absentatum
1123 825 1249 892 fuisset:

84 951 86 955 ¹
158 924 255 1006 siper
268 925 392 1006 triginta
406 946 505 990 annos
521 933 552 988 et
566 945 660 1006 super
673 925 833 1006 possessio
847 925 917 1006 ipsa
931 926 1031 1000 fuerit,
1053 946 1118 988 non
1133 927 1250 990 habeat

158 1026 308 1091 aduersus
321 1047 403 1102 eum,
427 1029 479 1111 qui
499 1027 648 1108 possedit,
663 1027 808 1090 facundia
826 1028 975 1110 loquendi
990 1048 1058 1090 oum
1078 1029 1248 1091 munimem

156 1127 267 1208 ipsum,
291 1132 375 1211 quod
398 1132 564 1194 ostendere
584 1130 720 1206 uidetur;
748 1130 808 1194 uisi
827 1131 895 1210 ipse
916 1129 1046 1193 firmiter
1067 1132 1245 1213 possedeat,

157 1231 210 1311 qui
230 1228 287 1312 per
308 1233 432 1315 triginta
453 1252 552 1296 annos
574 1235 728 1313 possedit,
761 1233 833 1314 quia
853 1233 917 1295 iam
936 1234 1074 1316 gloriose
1096 1233 1245 1295 memorie

156 1333 309 1414 grimoald
341 1354 414 1417 rege
441 1355 497 1416 per
522 1335 646 1417 triginta
674 1355 826 1398 annorum
853 1337 1053 1416 possessione
1074 1336 1245 1399 institutum

156 1447 213 1506 est.
245 1441 324 1503 Nam
345 1439 373 1503 si
392 1439 472 1501 intra
492 1439 617 1520 triginta
638 1458 737 1501 annos
751 1440 913 1519 possessio
933 1439 1002 1519 ipsa
1021 1439 1123 1512 luerit,
1138 1430 1242 1519 ponti-

155 1543 260 1605 ficium
287 1542 403 1604 habeat
428 1561 501 1602 cum-
525 1541 693 1604 monimine
722 1561 780 1604 suo
802 1541 967 1603 dicendum
988 1541 1072 1622 quod
1093 1540 1241 1616 uoluerit,

156 1645 289 1726 etipse,
312 1645 365 1725 qui
385 1644 574 1725 possederit,
597 1645 766 1706 secundum
788 1643 919 1705 edictum
940 1644 1142 1723 respondeat.

239 1789 288 1850 55.
310 1782 346 1846 ss.
397 1783 428 1845 Si
457 1783 525 1863 quis
554 1802 679 1846 seruum
710 1803 801 1845 snum
830 1781 952 1843 lulfreal
980 1780 1180 1861 thingauerit‚
1214 1789 1241 1842 et

153 1887 312 1949 haamund
334 1905 353 1947 a
374 1904 409 1948 se
429 1885 546 1958 fecerit,
568 1886 618 1946 uel
632 1904 827 1966 quocumque
842 1885 936 1945 modo
958 1902 1028 1944 eum
1048 1901 1118 1945 ase
1133 1881 1241 1945 absol-

155 1967 243 2063 seril,
269 1988 301 2049 in
325 2007 421 2048 manu
452 1990 533 2068 regis
562 1987 715 2060 dandum,
747 1996 799 2050 aut
826 1992 857 2049 in
880 1985 1010 2048 ecclesia
1039 1984 1123 2046 circa
1144 1986 1240 2046 altare

153 2091 341 2162 ducendum,
371 2099 402 2152 et
422 2098 534 2169 postea
559 2089 627 2170 ipse
660 2090 787 2151 libertus
823 2087 1015 2150 uoluntatem
1043 2087 1170 2167 patroni
1196 2088 1240 2149 sui

151 2193 274 2266 lecerit,
307 2192 506 2254 manifestare
541 2191 652 2254 debeat
685 2192 813 2254 libertus
845 2191 912 2271 ipse
943 2190 1118 2251 libertatem
1153 2207 1236 2252 suam

151 2296 255 2376 sepius
284 2295 376 2356 iudici
407 2304 438 2358 et
466 2296 505 2356 ad
538 2295 655 2357 uicinos
685 2313 776 2367 suos,
810 2292 941 2374 qualiter
973 2290 1135 2354 absolutus
1174 2309 1236 2354 esse

150 2398 287 2474 uidetnr3
316 2406 347 2460 et
366 2406 478 2478 postea
499 2397 584 2459 nullo
605 2405 746 2477 tempore
768 2396 836 2476 ipse
856 2403 1006 2474 patronus
1033 2402 1087 2456 aut
1107 2393 1239 2455 heredes

151 2500 216 2563 eius
238 2507 348 2562 contra
369 2518 441 2561 eum
463 2499 515 2580 qni
534 2499 697 2562 libertatus
720 2507 779 2572 est,
804 2496 958 2578 querellas
980 2496 1080 2576 possit
1102 2513 1239 2565 mouere,

151 2602 281 2664 diceudo
304 2603 387 2685 quod
415 2602 442 2662 ei
472 2603 586 2664 debeat
611 2601 739 2663 obedire
765 2621 823 2682 pro
851 2620 906 2674 eo,
933 2600 1017 2681 quod
1044 2615 1101 2661 sua
1128 2604 1241 2678 sponte

84 2723 87 2729 ·
149 2722 206 2783 pro
229 2703 379 2767 beneficio
403 2707 441 2766 de
468 2706 594 2767 domino
621 2722 677 2766 suo
706 2701 898 2765 uoluntatem
927 2701 992 2764 eius
1022 2701 1155 2776 fecerat;
1186 2700 1239 2764 sed

147 2803 246 2869 firmis
270 2806 298 2868 ei
318 2826 376 2870 sua
396 2798 579 2886 permaneat
597 2806 736 2872 libertas.

232 2947 282 3010 56.
304 2944 356 3006 ΠΙ.
399 2945 431 3007 Si
452 2946 519 3026 quis
542 2945 636 3008 alium
659 2945 799 3006 defunto
821 2944 999 3024 pulsauerit,
1026 2949 1056 3004 et
1076 2961 1133 3022 per
1154 2961 1239 3024 pug-

148 3065 220 3107 nam
244 3065 314 3108 eum
335 3047 456 3122 uicerit,
485 3056 537 3110 aut
564 3049 645 3110 forte
672 3067 729 3128 per
748 3048 941 3111 districtione
963 3065 982 3107 a
1003 3045 1128 3127 puplico
1156 3046 1241 3108 furta

147 3150 352 3231 manetestata
372 3151 464 3212 fuerit
490 3158 521 3214 et
550 3150 724 3231 conpositio
749 3151 832 3212 faeta
851 3150 957 3223 fuerit,
985 3157 1016 3210 et
1036 3158 1149 3228 postea
1170 3148 1238 3229 ipse

146 3251 245 3315 lurtus
268 3253 350 3332 apud
374 3252 467 3314 alium
489 3252 649 3313 hominem
671 3253 814 3316 inuentus
835 3252 942 3330 fuerit,
964 3258 995 3314 et
1016 3258 1100 3314 certa
1121 3251 1238 3314 ueritas

147 3355 333 3434 apparuerit,
357 3355 442 3436 quod
463 3355 530 3435 ipse
553 3355 605 3436 qui
626 3358 713 3435 prius
729 3363 947 3436 conposuerat,
969 3373 1036 3414 rem
1056 3353 1159 3434 ipsam
1170 3373 1239 3417 non

144 3456 273 3519 iurauit:
305 3457 410 3519 omnia
432 3457 581 3538 quidquid
609 3458 676 3538 ipse
703 3460 882 3539 conposuit,
909 3456 1037 3537 recipiat
1064 3458 1103 3518 ab
1126 3475 1167 3518 en
1190 3456 1238 3519 oui

145 3567 362 3639 conposuerat,
384 3567 415 3620 et
435 3560 503 3640 ipse
517 3569 683 3641 conponat,
704 3560 786 3640 apud
802 3579 893 3642 quem
912 3559 1014 3641 furtus
1034 3559 1103 3640 ipse
1124 3568 1238 3640 postea

144 3660 286 3724 inuentus
319 3661 419 3727 inerit.
482 3663 561 3724 Nam
594 3663 620 3725 si
652 3662 759 3743 aliquit
790 3682 848 3743 pro
880 3669 1112 3743 sagramentum
1144 3682 1237 3725 suum

146 3764 278 3837 dederit,
306 3765 422 3826 habeat
442 3765 509 3846 ipse
531 3767 578 3828 cui
603 3766 730 3841 dederit.
781 3765 860 3826 Nam
881 3764 907 3828 si
929 3773 1013 3827 certa
1035 3766 1149 3830 ueritas
1171 3784 1236 3826 non

145 3867 339 3947 apparuerit,
368 3870 452 3949 quod
481 3869 684 3940 alterhomo
698 3868 825 3942 turtum
846 3868 950 3948 ipsum
973 3867 1103 3942 fecissit,
1125 3875 1158 3930 et
1178 3887 1235 3948 per

143 3969 365 4046 districtionem
381 3973 632 4036 manefestauerit
646 3981 677 4034 et
690 3971 895 4051 conposuerit,
917 3971 1034 4034 habeat
1053 3970 1113 4033 sibi
1132 3968 1234 4051 ipsam

142 4071 403 4153 conpositionem„
422 4075 469 4136 cui
490 4076 662 4156 conposuit.

227 4196 277 4260 57.
299 4191 363 4260 llll.
408 4195 439 4255 Si
461 4197 529 4276 quis
552 4197 688 4259 debitum
708 4197 822 4274 lecerit,
845 4205 875 4260 et
895 4217 946 4260 res
963 4216 1035 4261 suas
1051 4198 1232 4272 uindederit,
