<?xml version="1.0" encoding="UTF-8"?>
<!DOCTYPE html PUBLIC "-//W3C//DTD XHTML 1.0 Transitional//EN"
    "http://www.w3.org/TR/xhtml1/DTD/xhtml1-transitional.dtd">
<html xmlns="http://www.w3.org/1999/xhtml" xml:lang="en" lang="en">
 <head>
  <title>
</title>
<meta http-equiv="Content-Type" content="text/html;charset=utf-8" />
  <meta name='ocr-system' content='tesseract 3.04.00' />
  <meta name='ocr-capabilities' content='ocr_page ocr_carea ocr_par ocr_line ocrx_word'/>
</head>
<body>
  <div class='ocr_page' id='page_1' title='image "./edictusceteraeq00bluhgoog_0204.png"; bbox 0 0 2574 4710; ppageno 0'>
   <div class='ocr_carea' id='block_1_1' title="bbox 170 258 1031 386">
    <p class='ocr_par' dir='ltr' id='par_1_1' title="bbox 170 258 1031 386">
     <span class='ocr_line' id='line_1_1' title="bbox 170 258 1031 386; baseline -0.008 0"><span class='ocrx_word' id='word_1_1' title='bbox 170 321 231 386; x_wconf 78' lang='lat'>192</span> <span class='ocrx_word' id='word_1_2' title='bbox 452 299 575 376; x_wconf 79' lang='lat' dir='ltr'>Lucas</span> <span class='ocrx_word' id='word_1_3' title='bbox 597 258 959 383; x_wconf 77' lang='lat' dir='ltr'>uluoomauoanl.</span> <span class='ocrx_word' id='word_1_4' title='bbox 1029 328 1031 332; x_wconf 94' lang='lat'>·</span> 
     </span>
    </p>
   </div>
   <div class='ocr_carea' id='block_1_2' title="bbox 72 499 1248 2114">
    <p class='ocr_par' dir='ltr' id='par_1_2' title="bbox 168 499 1247 668">
     <span class='ocr_line' id='line_1_2' title="bbox 169 499 1247 587; baseline 0.002 -23"><span class='ocrx_word' id='word_1_5' title='bbox 169 503 242 587; x_wconf 89' lang='lat' dir='ltr'>quia</span> <span class='ocrx_word' id='word_1_6' title='bbox 255 501 368 565; x_wconf 89' lang='lat' dir='ltr'>iniuste</span> <span class='ocrx_word' id='word_1_7' title='bbox 381 499 563 582; x_wconf 80' lang='lat' dir='ltr'>pignerauit,</span> <span class='ocrx_word' id='word_1_8' title='bbox 578 507 745 581; x_wconf 88' lang='lat' dir='ltr'>componat</span> <span class='ocrx_word' id='word_1_9' title='bbox 758 499 875 565; x_wconf 92' lang='lat' dir='ltr'>solidos</span> <span class='ocrx_word' id='word_1_10' title='bbox 890 520 946 564; x_wconf 83' lang='lat' dir='ltr'>sex</span> <span class='ocrx_word' id='word_1_11' title='bbox 961 508 992 563; x_wconf 92' lang='lat' dir='ltr'>et</span> <span class='ocrx_word' id='word_1_12' title='bbox 1004 501 1115 583; x_wconf 78' lang='lat' dir='ltr'>pignus</span> <span class='ocrx_word' id='word_1_13' title='bbox 1132 503 1247 566; x_wconf 88' lang='lat' dir='ltr'>saluum</span> 
     </span>
     <span class='ocr_line' id='line_1_3' title="bbox 168 590 1187 668; baseline 0.002 -2"><span class='ocrx_word' id='word_1_14' title='bbox 168 606 288 668; x_wconf 76' lang='lat' dir='ltr'>reddat</span> <span class='ocrx_word' id='word_1_15' title='bbox 753 590 757 596; x_wconf 43' lang='lat'>⁵</span> <span class='ocrx_word' id='word_1_16' title='bbox 1181 599 1187 611; x_wconf 77' lang='grc'><em>’</em></span> 
     </span>
    </p>

    <p class='ocr_par' dir='ltr' id='par_1_3' title="bbox 165 702 1248 1196">
     <span class='ocr_line' id='line_1_4' title="bbox 251 702 1248 788; baseline 0.002 -22"><span class='ocrx_word' id='word_1_17' title='bbox 251 709 281 773; x_wconf 90' lang='grc'>9.</span> <span class='ocrx_word' id='word_1_18' title='bbox 324 705 380 788; x_wconf 82' lang='lat' dir='ltr'>†Si</span> <span class='ocrx_word' id='word_1_19' title='bbox 402 711 504 766; x_wconf 90' lang='lat' dir='ltr'>autem</span> <span class='ocrx_word' id='word_1_20' title='bbox 527 703 680 784; x_wconf 85' lang='lat' dir='ltr'>quispiam</span> <span class='ocrx_word' id='word_1_21' title='bbox 702 702 827 765; x_wconf 90' lang='lat' dir='ltr'>militem</span> <span class='ocrx_word' id='word_1_22' title='bbox 844 705 893 765; x_wconf 89' lang='lat' dir='ltr'>uel</span> <span class='ocrx_word' id='word_1_23' title='bbox 915 703 1053 785; x_wconf 89' lang='lat' dir='ltr'>qualibet</span> <span class='ocrx_word' id='word_1_24' title='bbox 1067 705 1162 767; x_wconf 89' lang='lat' dir='ltr'>aliam</span> <span class='ocrx_word' id='word_1_25' title='bbox 1176 726 1248 788; x_wconf 89' lang='lat' dir='ltr'>per-</span> 
     </span>
     <span class='ocr_line' id='line_1_5' title="bbox 168 805 1248 890; baseline 0.001 -19"><span class='ocrx_word' id='word_1_26' title='bbox 168 828 278 871; x_wconf 92' lang='lat' dir='ltr'>sonam</span> <span class='ocrx_word' id='word_1_27' title='bbox 293 807 470 889; x_wconf 90' lang='lat' dir='ltr'>simpliciter</span> <span class='ocrx_word' id='word_1_28' title='bbox 484 805 694 868; x_wconf 81' lang='lat' dir='ltr'>ambulantem</span> <span class='ocrx_word' id='word_1_29' title='bbox 707 806 804 887; x_wconf 83' lang='lat' dir='ltr'>ligare</span> <span class='ocrx_word' id='word_1_30' title='bbox 815 814 868 868; x_wconf 92' lang='lat' dir='ltr'>aut</span> <span class='ocrx_word' id='word_1_31' title='bbox 878 814 998 869; x_wconf 83' lang='lat' dir='ltr'>battere</span> <span class='ocrx_word' id='word_1_32' title='bbox 1008 810 1248 890; x_wconf 85' lang='lat' dir='ltr'>praesumpserit</span> 
     </span>
     <span class='ocr_line' id='line_1_6' title="bbox 167 906 1246 992; baseline 0.003 -20"><span class='ocrx_word' id='word_1_33' title='bbox 167 918 309 992; x_wconf 89' lang='lat' dir='ltr'>tempore</span> <span class='ocrx_word' id='word_1_34' title='bbox 339 909 440 990; x_wconf 85' lang='lat' dir='ltr'>pacis,</span> <span class='ocrx_word' id='word_1_35' title='bbox 477 915 643 988; x_wconf 87' lang='lat' dir='ltr'>componat</span> <span class='ocrx_word' id='word_1_36' title='bbox 674 906 723 968; x_wconf 92' lang='lat' dir='ltr'>cui</span> <span class='ocrx_word' id='word_1_37' title='bbox 753 908 863 970; x_wconf 89' lang='lat' dir='ltr'>iniuria</span> <span class='ocrx_word' id='word_1_38' title='bbox 894 908 977 971; x_wconf 89' lang='lat' dir='ltr'>facta</span> <span class='ocrx_word' id='word_1_39' title='bbox 1007 909 1103 991; x_wconf 79' lang='lat' dir='ltr'>luerit</span> <span class='ocrx_word' id='word_1_40' title='bbox 1136 910 1246 975; x_wconf 89' lang='lat' dir='ltr'>solidos</span> 
     </span>
     <span class='ocr_line' id='line_1_7' title="bbox 167 1010 1246 1091; baseline 0.002 -17"><span class='ocrx_word' id='word_1_41' title='bbox 167 1020 299 1079; x_wconf 85' lang='lat' dir='ltr'>centum.</span> <span class='ocrx_word' id='word_1_42' title='bbox 342 1011 374 1072; x_wconf 90' lang='lat' dir='ltr'>Si</span> <span class='ocrx_word' id='word_1_43' title='bbox 402 1017 504 1073; x_wconf 92' lang='lat' dir='ltr'>autem</span> <span class='ocrx_word' id='word_1_44' title='bbox 527 1012 566 1072; x_wconf 93' lang='lat' dir='ltr'>ad</span> <span class='ocrx_word' id='word_1_45' title='bbox 589 1010 671 1072; x_wconf 91' lang='lat' dir='ltr'>serui</span> <span class='ocrx_word' id='word_1_46' title='bbox 698 1010 851 1091; x_wconf 87' lang='lat' dir='ltr'>quispiam</span> <span class='ocrx_word' id='word_1_47' title='bbox 871 1029 1041 1091; x_wconf 87' lang='lat' dir='ltr'>personam</span> <span class='ocrx_word' id='word_1_48' title='bbox 1062 1013 1246 1076; x_wconf 69' lang='lat' dir='ltr'>hortarere</span> 
     </span>
     <span class='ocr_line' id='line_1_8' title="bbox 165 1112 815 1196; baseline 0.005 -20"><span class='ocrx_word' id='word_1_49' title='bbox 165 1112 418 1196; x_wconf 78' lang='lat' dir='ltr'>praesumpserit,</span> <span class='ocrx_word' id='word_1_50' title='bbox 440 1119 608 1193; x_wconf 88' lang='lat' dir='ltr'>componat</span> <span class='ocrx_word' id='word_1_51' title='bbox 627 1112 743 1175; x_wconf 92' lang='lat' dir='ltr'>solidos</span> <span class='ocrx_word' id='word_1_52' title='bbox 765 1115 815 1179; x_wconf 80' lang='lat'>24.</span> 
     </span>
    </p>

    <p class='ocr_par' dir='ltr' id='par_1_4' title="bbox 72 1213 1245 2114">
     <span class='ocr_line' id='line_1_9' title="bbox 251 1213 1245 1298; baseline 0.005 -24"><span class='ocrx_word' id='word_1_53' title='bbox 251 1219 300 1284; x_wconf 88' lang='lat'>10.</span> <span class='ocrx_word' id='word_1_54' title='bbox 344 1215 407 1298; x_wconf 83' lang='lat' dir='ltr'>†Et</span> <span class='ocrx_word' id='word_1_55' title='bbox 420 1215 447 1278; x_wconf 91' lang='lat' dir='ltr'>si</span> <span class='ocrx_word' id='word_1_56' title='bbox 469 1213 621 1295; x_wconf 89' lang='lat' dir='ltr'>quispiam</span> <span class='ocrx_word' id='word_1_57' title='bbox 642 1215 740 1276; x_wconf 93' lang='lat' dir='ltr'>homo</span> <span class='ocrx_word' id='word_1_58' title='bbox 757 1233 850 1295; x_wconf 89' lang='lat' dir='ltr'>super</span> <span class='ocrx_word' id='word_1_59' title='bbox 863 1214 978 1278; x_wconf 82' lang='lat' dir='ltr'>turtum</span> <span class='ocrx_word' id='word_1_60' title='bbox 991 1217 1138 1279; x_wconf 88' lang='lat' dir='ltr'>inuentus</span> <span class='ocrx_word' id='word_1_61' title='bbox 1153 1216 1245 1292; x_wconf 83' lang='lat' dir='ltr'>luerit,</span> 
     </span>
     <span class='ocr_line' id='line_1_10' title="bbox 167 1317 1244 1398; baseline 0.003 -17"><span class='ocrx_word' id='word_1_62' title='bbox 167 1326 200 1384; x_wconf 89' lang='lat' dir='ltr'>et</span> <span class='ocrx_word' id='word_1_63' title='bbox 227 1339 292 1381; x_wconf 92' lang='lat' dir='ltr'>non</span> <span class='ocrx_word' id='word_1_64' title='bbox 323 1317 443 1381; x_wconf 83' lang='lat' dir='ltr'>dederit</span> <span class='ocrx_word' id='word_1_65' title='bbox 473 1335 600 1379; x_wconf 89' lang='lat' dir='ltr'>manum</span> <span class='ocrx_word' id='word_1_66' title='bbox 633 1317 672 1379; x_wconf 92' lang='lat' dir='ltr'>ad</span> <span class='ocrx_word' id='word_1_67' title='bbox 704 1317 917 1398; x_wconf 86' lang='lat' dir='ltr'>prendendum</span> <span class='ocrx_word' id='word_1_68' title='bbox 951 1338 985 1380; x_wconf 91' lang='lat' dir='ltr'>se</span> <span class='ocrx_word' id='word_1_69' title='bbox 993 1329 1014 1392; x_wconf 90' lang='lat'>1,</span> <span class='ocrx_word' id='word_1_70' title='bbox 1049 1327 1080 1380; x_wconf 92' lang='lat' dir='ltr'>et</span> <span class='ocrx_word' id='word_1_71' title='bbox 1113 1326 1244 1384; x_wconf 84' lang='lat' dir='ltr'>mortuus</span> 
     </span>
     <span class='ocr_line' id='line_1_11' title="bbox 165 1418 1243 1505; baseline -0.001 -22"><span class='ocrx_word' id='word_1_72' title='bbox 165 1421 267 1495; x_wconf 86' lang='lat' dir='ltr'>fuerit,</span> <span class='ocrx_word' id='word_1_73' title='bbox 289 1439 352 1482; x_wconf 93' lang='lat' dir='ltr'>uon</span> <span class='ocrx_word' id='word_1_74' title='bbox 373 1418 583 1505; x_wconf 62' lang='lat' dir='ltr'>requirentem</span> <span class='ocrx_word' id='word_1_75' title='bbox 605 1425 724 1481; x_wconf 89' lang='lat' dir='ltr'>tantum</span> <span class='ocrx_word' id='word_1_76' title='bbox 744 1427 808 1482; x_wconf 88' lang='lat' dir='ltr'>tres</span> <span class='ocrx_word' id='word_1_77' title='bbox 830 1437 985 1500; x_wconf 85' lang='lat' dir='ltr'>personae</span> <span class='ocrx_word' id='word_1_78' title='bbox 1006 1422 1112 1482; x_wconf 90' lang='lat' dir='ltr'>bonae</span> <span class='ocrx_word' id='word_1_79' title='bbox 1126 1421 1167 1481; x_wconf 91' lang='lat' dir='ltr'>de</span> <span class='ocrx_word' id='word_1_80' title='bbox 1184 1420 1243 1483; x_wconf 87' lang='lat' dir='ltr'>loco</span> 
     </span>
     <span class='ocr_line' id='line_1_12' title="bbox 72 1511 1242 1604; baseline 0.006 -25"><span class='ocrx_word' id='word_1_81' title='bbox 72 1571 76 1579; x_wconf 90' lang='lat'>.</span> <span class='ocrx_word' id='word_1_82' title='bbox 165 1523 217 1585; x_wconf 95' lang='lat' dir='ltr'>nbi</span> <span class='ocrx_word' id='word_1_83' title='bbox 238 1523 353 1585; x_wconf 86' lang='lat' dir='ltr'>factum</span> <span class='ocrx_word' id='word_1_84' title='bbox 373 1521 479 1595; x_wconf 86' lang='lat' dir='ltr'>fuerit,</span> <span class='ocrx_word' id='word_1_85' title='bbox 506 1520 613 1604; x_wconf 91' lang='lat' dir='ltr'>quales</span> <span class='ocrx_word' id='word_1_86' title='bbox 641 1511 830 1602; x_wconf 88' lang='lat' dir='ltr'>quaesierint</span> <span class='ocrx_word' id='word_1_87' title='bbox 857 1529 1002 1601; x_wconf 88' lang='lat' dir='ltr'>parentes</span> <span class='ocrx_word' id='word_1_88' title='bbox 1024 1531 1079 1585; x_wconf 88' lang='lat' dir='ltr'>aut</span> <span class='ocrx_word' id='word_1_89' title='bbox 1101 1531 1242 1604; x_wconf 85' lang='lat' dir='ltr'>patronus</span> 
     </span>
     <span class='ocr_line' id='line_1_13' title="bbox 166 1623 1239 1703; baseline 0.003 -18"><span class='ocrx_word' id='word_1_90' title='bbox 166 1624 292 1698; x_wconf 90' lang='lat' dir='ltr'>mortui,</span> <span class='ocrx_word' id='word_1_91' title='bbox 325 1625 399 1685; x_wconf 92' lang='lat' dir='ltr'>dent</span> <span class='ocrx_word' id='word_1_92' title='bbox 429 1628 671 1696; x_wconf 87' lang='lat' dir='ltr'>sacramentum,</span> <span class='ocrx_word' id='word_1_93' title='bbox 702 1623 795 1703; x_wconf 89' lang='lat' dir='ltr'>„quia</span> <span class='ocrx_word' id='word_1_94' title='bbox 827 1632 968 1686; x_wconf 91' lang='lat' dir='ltr'>mortuus</span> <span class='ocrx_word' id='word_1_95' title='bbox 996 1623 1048 1686; x_wconf 91' lang='lat' dir='ltr'>ille</span> <span class='ocrx_word' id='word_1_96' title='bbox 1074 1624 1107 1686; x_wconf 91' lang='lat' dir='ltr'>iu</span> <span class='ocrx_word' id='word_1_97' title='bbox 1138 1626 1239 1688; x_wconf 84' lang='lat' dir='ltr'>furtum</span> 
     </span>
     <span class='ocr_line' id='line_1_14' title="bbox 114 1725 1237 1808; baseline 0.003 -20"><span class='ocrx_word' id='word_1_98' title='bbox 114 1750 117 1754; x_wconf 72' lang='grc'>’</span> <span class='ocrx_word' id='word_1_99' title='bbox 163 1727 306 1788; x_wconf 86' lang='lat' dir='ltr'>inuentus</span> <span class='ocrx_word' id='word_1_100' title='bbox 323 1732 378 1804; x_wconf 88' lang='lat' dir='ltr'>est,</span> <span class='ocrx_word' id='word_1_101' title='bbox 399 1732 430 1787; x_wconf 92' lang='lat' dir='ltr'>et</span> <span class='ocrx_word' id='word_1_102' title='bbox 443 1725 606 1788; x_wconf 58' lang='lat' dir='ltr'>uou‘dedit</span> <span class='ocrx_word' id='word_1_103' title='bbox 620 1743 746 1786; x_wconf 89' lang='lat' dir='ltr'>manum</span> <span class='ocrx_word' id='word_1_104' title='bbox 761 1725 801 1786; x_wconf 88' lang='lat' dir='ltr'>ad</span> <span class='ocrx_word' id='word_1_105' title='bbox 815 1725 972 1806; x_wconf 84' lang='lat' dir='ltr'>ligandum</span> <span class='ocrx_word' id='word_1_106' title='bbox 987 1737 1051 1800; x_wconf 86' lang='lat' dir='ltr'>se“,</span> <span class='ocrx_word' id='word_1_107' title='bbox 1072 1735 1105 1789; x_wconf 91' lang='lat' dir='ltr'>et</span> <span class='ocrx_word' id='word_1_108' title='bbox 1120 1727 1237 1808; x_wconf 89' lang='lat' dir='ltr'>amplius</span> 
     </span>
     <span class='ocr_line' id='line_1_15' title="bbox 165 1827 1238 1912; baseline 0 -22"><span class='ocrx_word' id='word_1_109' title='bbox 165 1848 229 1891; x_wconf 90' lang='lat' dir='ltr'>non</span> <span class='ocrx_word' id='word_1_110' title='bbox 252 1835 433 1909; x_wconf 90' lang='lat' dir='ltr'>quaeratur,</span> <span class='ocrx_word' id='word_1_111' title='bbox 463 1827 625 1889; x_wconf 92' lang='lat' dir='ltr'>minusne</span> <span class='ocrx_word' id='word_1_112' title='bbox 649 1827 808 1888; x_wconf 85' lang='lat' dir='ltr'>homicida</span> <span class='ocrx_word' id='word_1_113' title='bbox 827 1827 895 1908; x_wconf 90' lang='lat' dir='ltr'>ipse</span> <span class='ocrx_word' id='word_1_114' title='bbox 916 1829 1065 1890; x_wconf 81' lang='lat' dir='ltr'>tradatur.</span> <span class='ocrx_word' id='word_1_115' title='bbox 1088 1909 1090 1912; x_wconf 82' lang='lat'>.</span> <span class='ocrx_word' id='word_1_116' title='bbox 1110 1827 1202 1901; x_wconf 85' lang='lat' dir='ltr'>Quod</span> <span class='ocrx_word' id='word_1_117' title='bbox 1218 1830 1238 1892; x_wconf 92' lang='lat' dir='ltr'>si</span> 
     </span>
     <span class='ocr_line' id='line_1_16' title="bbox 165 1928 1237 2011; baseline -0.004 -16"><span class='ocrx_word' id='word_1_118' title='bbox 165 1931 254 2000; x_wconf 86' lang='lat' dir='ltr'>uiuus</span> <span class='ocrx_word' id='word_1_119' title='bbox 276 1929 488 2011; x_wconf 89' lang='lat' dir='ltr'>deprehensus</span> <span class='ocrx_word' id='word_1_120' title='bbox 509 1929 601 1990; x_wconf 84' lang='lat' dir='ltr'>fuerit</span> <span class='ocrx_word' id='word_1_121' title='bbox 621 1929 689 2009; x_wconf 93' lang='lat' dir='ltr'>ipse</span> <span class='ocrx_word' id='word_1_122' title='bbox 709 1928 768 2002; x_wconf 86' lang='lat' dir='ltr'>fur,</span> <span class='ocrx_word' id='word_1_123' title='bbox 789 1928 820 1989; x_wconf 92' lang='lat' dir='ltr'>iu</span> <span class='ocrx_word' id='word_1_124' title='bbox 842 1928 904 1990; x_wconf 94' lang='lat' dir='ltr'>hoc</span> <span class='ocrx_word' id='word_1_125' title='bbox 925 1931 1030 2004; x_wconf 91' lang='lat' dir='ltr'>modo,</span> <span class='ocrx_word' id='word_1_126' title='bbox 1052 1930 1133 1992; x_wconf 90' lang='lat' dir='ltr'>sicut</span> <span class='ocrx_word' id='word_1_127' title='bbox 1156 1950 1237 2011; x_wconf 88' lang='lat' dir='ltr'>supe-</span> 
     </span>
     <span class='ocr_line' id='line_1_17' title="bbox 163 2032 1239 2114; baseline -0.002 -20"><span class='ocrx_word' id='word_1_128' title='bbox 163 2033 227 2096; x_wconf 85' lang='lat' dir='ltr'>¹rius</span> <span class='ocrx_word' id='word_1_129' title='bbox 253 2032 377 2114; x_wconf 83' lang='lat' dir='ltr'>legitur,</span> <span class='ocrx_word' id='word_1_130' title='bbox 414 2039 477 2094; x_wconf 91' lang='lat' dir='ltr'>tres</span> <span class='ocrx_word' id='word_1_131' title='bbox 503 2049 658 2112; x_wconf 89' lang='lat' dir='ltr'>personae</span> <span class='ocrx_word' id='word_1_132' title='bbox 685 2033 863 2112; x_wconf 88' lang='lat' dir='ltr'>praebeant·</span> <span class='ocrx_word' id='word_1_133' title='bbox 883 2039 1127 2106; x_wconf 87' lang='lat' dir='ltr'>sacramentum,</span> <span class='ocrx_word' id='word_1_134' title='bbox 1161 2032 1239 2114; x_wconf 84' lang='lat' dir='ltr'>„qia</span> 
     </span>
    </p>
   </div>
   <div class='ocr_carea' id='block_1_3' title="bbox 46 2132 1239 2220">
    <p class='ocr_par' dir='ltr' id='par_1_5' title="bbox 46 2132 1239 2220">
     <span class='ocr_line' id='line_1_18' title="bbox 46 2132 1239 2220; baseline -0.002 -23"><span class='ocrx_word' id='word_1_135' title='bbox 46 2216 48 2220; x_wconf 68' lang='lat'>,</span> <span class='ocrx_word' id='word_1_136' title='bbox 147 2153 259 2216; x_wconf 75' lang='lat' dir='ltr'>‚super</span> <span class='ocrx_word' id='word_1_137' title='bbox 278 2135 393 2198; x_wconf 82' lang='lat' dir='ltr'>turtum</span> <span class='ocrx_word' id='word_1_138' title='bbox 415 2132 627 2213; x_wconf 92' lang='lat' dir='ltr'>deprehensus</span> <span class='ocrx_word' id='word_1_139' title='bbox 650 2141 726 2208; x_wconf 86' lang='lat' dir='ltr'>est“,</span> <span class='ocrx_word' id='word_1_140' title='bbox 749 2132 832 2195; x_wconf 90' lang='lat' dir='ltr'>etde</span> <span class='ocrx_word' id='word_1_141' title='bbox 853 2135 1011 2214; x_wconf 88' lang='lat' dir='ltr'>praesenti</span> <span class='ocrx_word' id='word_1_142' title='bbox 1031 2133 1200 2219; x_wconf 83' lang='lat' dir='ltr'>tolla[u]tur</span> <span class='ocrx_word' id='word_1_143' title='bbox 1217 2134 1239 2196; x_wconf 91' lang='lat' dir='ltr'>ei</span> 
     </span>
    </p>
   </div>
   <div class='ocr_carea' id='block_1_4' title="bbox 163 2225 1239 2826">
    <p class='ocr_par' dir='ltr' id='par_1_6' title="bbox 165 2225 1239 2403">
     <span class='ocr_line' id='line_1_19' title="bbox 165 2225 1239 2317; baseline -0.001 -18"><span class='ocrx_word' id='word_1_144' title='bbox 165 2236 254 2312; x_wconf 91' lang='lat' dir='ltr'>oculi,</span> <span class='ocrx_word' id='word_1_145' title='bbox 276 2225 307 2298; x_wconf 89' lang='lat' dir='ltr'>et</span> <span class='ocrx_word' id='word_1_146' title='bbox 326 2242 399 2316; x_wconf 91' lang='lat' dir='ltr'>post</span> <span class='ocrx_word' id='word_1_147' title='bbox 420 2236 494 2297; x_wconf 89' lang='lat' dir='ltr'>data</span> <span class='ocrx_word' id='word_1_148' title='bbox 514 2235 671 2298; x_wconf 83' lang='lat' dir='ltr'>sentencia</span> <span class='ocrx_word' id='word_1_149' title='bbox 692 2234 841 2317; x_wconf 90' lang='lat' dir='ltr'>recipiant</span> <span class='ocrx_word' id='word_1_150' title='bbox 861 2242 916 2297; x_wconf 91' lang='lat' dir='ltr'>aut</span> <span class='ocrx_word' id='word_1_151' title='bbox 936 2255 1004 2298; x_wconf 91' lang='lat' dir='ltr'>eum</span> <span class='ocrx_word' id='word_1_152' title='bbox 1027 2244 1177 2317; x_wconf 89' lang='lat' dir='ltr'>parentes</span> <span class='ocrx_word' id='word_1_153' title='bbox 1195 2231 1239 2298; x_wconf 83' lang='lat' dir='ltr'>aut</span> 
     </span>
     <span class='ocr_line' id='line_1_20' title="bbox 166 2337 824 2403; baseline -0.014 -2"><span class='ocrx_word' id='word_1_154' title='bbox 166 2339 309 2401; x_wconf 87' lang='lat' dir='ltr'>domiuus</span> <span class='ocrx_word' id='word_1_155' title='bbox 332 2337 408 2403; x_wconf 89' lang='lat' dir='ltr'>eius.</span> <span class='ocrx_word' id='word_1_156' title='bbox 823 2389 824 2392; x_wconf 74' lang='grc'>,</span> 
     </span>
    </p>

    <p class='ocr_par' dir='ltr' id='par_1_7' title="bbox 163 2438 1238 2826">
     <span class='ocr_line' id='line_1_21' title="bbox 250 2438 1238 2522; baseline 0.003 -22"><span class='ocrx_word' id='word_1_157' title='bbox 250 2441 299 2509; x_wconf 92' lang='grc'>11.</span> <span class='ocrx_word' id='word_1_158' title='bbox 342 2439 413 2522; x_wconf 83' lang='lat' dir='ltr'>†De</span> <span class='ocrx_word' id='word_1_159' title='bbox 443 2438 553 2500; x_wconf 82' lang='lat' dir='ltr'>turone</span> <span class='ocrx_word' id='word_1_160' title='bbox 584 2457 675 2513; x_wconf 89' lang='lat' dir='ltr'>uero,</span> <span class='ocrx_word' id='word_1_161' title='bbox 708 2446 739 2502; x_wconf 93' lang='lat' dir='ltr'>et</span> <span class='ocrx_word' id='word_1_162' title='bbox 768 2438 926 2502; x_wconf 89' lang='lat' dir='ltr'>homicida</span> <span class='ocrx_word' id='word_1_163' title='bbox 956 2440 999 2503; x_wconf 89' lang='lat' dir='ltr'>ita</span> <span class='ocrx_word' id='word_1_164' title='bbox 1031 2441 1129 2516; x_wconf 90' lang='lat' dir='ltr'>stetit,</span> <span class='ocrx_word' id='word_1_165' title='bbox 1161 2439 1238 2503; x_wconf 81' lang='lat' dir='ltr'>utri</span> 
     </span>
     <span class='ocr_line' id='line_1_22' title="bbox 167 2536 1237 2622; baseline -0.001 -17"><span class='ocrx_word' id='word_1_166' title='bbox 167 2542 368 2622; x_wconf 91' lang='lat' dir='ltr'>quiscumque</span> <span class='ocrx_word' id='word_1_167' title='bbox 394 2536 490 2602; x_wconf 80' lang='lat' dir='ltr'>hoino</span> <span class='ocrx_word' id='word_1_168' title='bbox 518 2539 731 2614; x_wconf 88' lang='lat' dir='ltr'>homicidium,</span> <span class='ocrx_word' id='word_1_169' title='bbox 764 2549 818 2607; x_wconf 88' lang='lat' dir='ltr'>aut</span> <span class='ocrx_word' id='word_1_170' title='bbox 847 2542 963 2606; x_wconf 88' lang='lat' dir='ltr'>furtum</span> <span class='ocrx_word' id='word_1_171' title='bbox 993 2542 1025 2603; x_wconf 91' lang='lat' dir='ltr'>in</span> <span class='ocrx_word' id='word_1_172' title='bbox 1059 2561 1118 2606; x_wconf 85' lang='lat' dir='ltr'>sua</span> <span class='ocrx_word' id='word_1_173' title='bbox 1150 2541 1237 2622; x_wconf 84' lang='lat' dir='ltr'>patria</span> 
     </span>
     <span class='ocr_line' id='line_1_23' title="bbox 163 2641 1236 2725; baseline 0 -20"><span class='ocrx_word' id='word_1_174' title='bbox 163 2644 267 2706; x_wconf 87' lang='lat' dir='ltr'>facere</span> <span class='ocrx_word' id='word_1_175' title='bbox 287 2641 544 2723; x_wconf 88' lang='lat' dir='ltr'>praesumpserit,</span> <span class='ocrx_word' id='word_1_176' title='bbox 571 2650 602 2704; x_wconf 91' lang='lat' dir='ltr'>et</span> <span class='ocrx_word' id='word_1_177' title='bbox 621 2643 695 2724; x_wconf 83' lang='lat' dir='ltr'>luga</span> <span class='ocrx_word' id='word_1_178' title='bbox 716 2642 822 2723; x_wconf 90' lang='lat' dir='ltr'>lapsus</span> <span class='ocrx_word' id='word_1_179' title='bbox 844 2643 952 2722; x_wconf 83' lang='lat' dir='ltr'>fuerit,</span> <span class='ocrx_word' id='word_1_180' title='bbox 974 2645 1068 2706; x_wconf 94' lang='lat' dir='ltr'>modo</span> <span class='ocrx_word' id='word_1_181' title='bbox 1091 2645 1132 2705; x_wconf 92' lang='lat' dir='ltr'>de</span> <span class='ocrx_word' id='word_1_182' title='bbox 1153 2662 1236 2725; x_wconf 86' lang='lat' dir='ltr'>prae-</span> 
     </span>
     <span class='ocr_line' id='line_1_24' title="bbox 166 2744 624 2826; baseline -0.011 -17"><span class='ocrx_word' id='word_1_183' title='bbox 166 2746 245 2809; x_wconf 89' lang='lat' dir='ltr'>senti</span> <span class='ocrx_word' id='word_1_184' title='bbox 267 2744 445 2826; x_wconf 90' lang='lat' dir='ltr'>apartibus</span> <span class='ocrx_word' id='word_1_185' title='bbox 467 2745 624 2810; x_wconf 89' lang='lat' dir='ltr'>redautur.</span> 
     </span>
    </p>
   </div>
   <div class='ocr_carea' id='block_1_5' title="bbox 161 2863 1244 3150">
    <p class='ocr_par' dir='ltr' id='par_1_8' title="bbox 161 2863 1244 3150">
     <span class='ocr_line' id='line_1_25' title="bbox 248 2863 1240 2947; baseline -0.001 -18"><span class='ocrx_word' id='word_1_186' title='bbox 248 2867 297 2931; x_wconf 83' lang='lat'>12.</span> <span class='ocrx_word' id='word_1_187' title='bbox 340 2864 411 2947; x_wconf 70' lang='lat' dir='ltr'>†De</span> <span class='ocrx_word' id='word_1_188' title='bbox 437 2863 618 2926; x_wconf 90' lang='lat' dir='ltr'>accionariis</span> <span class='ocrx_word' id='word_1_189' title='bbox 647 2883 723 2926; x_wconf 93' lang='lat' dir='ltr'>uero</span> <span class='ocrx_word' id='word_1_190' title='bbox 751 2868 914 2928; x_wconf 91' lang='lat' dir='ltr'>ambarum</span> <span class='ocrx_word' id='word_1_191' title='bbox 934 2864 1069 2945; x_wconf 87' lang='lat' dir='ltr'>partium</span> <span class='ocrx_word' id='word_1_192' title='bbox 1090 2865 1136 2929; x_wconf 88' lang='lat' dir='ltr'>ita</span> <span class='ocrx_word' id='word_1_193' title='bbox 1157 2865 1240 2939; x_wconf 86' lang='lat' dir='ltr'>stetit,</span> 
     </span>
     <span class='ocr_line' id='line_1_26' title="bbox 162 2965 1241 3046; baseline 0.001 -18"><span class='ocrx_word' id='word_1_194' title='bbox 162 2974 195 3029; x_wconf 93' lang='lat' dir='ltr'>ut</span> <span class='ocrx_word' id='word_1_195' title='bbox 215 2966 304 3028; x_wconf 89' lang='lat' dir='ltr'>inlesi</span> <span class='ocrx_word' id='word_1_196' title='bbox 325 2967 458 3028; x_wconf 89' lang='lat' dir='ltr'>debeant</span> <span class='ocrx_word' id='word_1_197' title='bbox 480 2965 649 3039; x_wconf 89' lang='lat' dir='ltr'>ambulare,</span> <span class='ocrx_word' id='word_1_198' title='bbox 670 2985 727 3046; x_wconf 89' lang='lat' dir='ltr'>per</span> <span class='ocrx_word' id='word_1_199' title='bbox 749 2967 889 3029; x_wconf 91' lang='lat' dir='ltr'>acciones</span> <span class='ocrx_word' id='word_1_200' title='bbox 911 2985 984 3029; x_wconf 91' lang='lat' dir='ltr'>suas</span> <span class='ocrx_word' id='word_1_201' title='bbox 1006 2966 1154 3030; x_wconf 89' lang='lat' dir='ltr'>utilitates</span> <span class='ocrx_word' id='word_1_202' title='bbox 1176 2986 1241 3030; x_wconf 87' lang='lat' dir='ltr'>suas</span> 
     </span>
     <span class='ocr_line' id='line_1_27' title="bbox 161 3059 1244 3150; baseline -0.001 -21"><span class='ocrx_word' id='word_1_203' title='bbox 161 3069 356 3150; x_wconf 85' lang='lat' dir='ltr'>peragendo,</span> <span class='ocrx_word' id='word_1_204' title='bbox 383 3074 414 3129; x_wconf 90' lang='lat' dir='ltr'>et</span> <span class='ocrx_word' id='word_1_205' title='bbox 440 3059 542 3130; x_wconf 81' lang='lat' dir='ltr'>nullus</span> <span class='ocrx_word' id='word_1_206' title='bbox 571 3076 751 3148; x_wconf 88' lang='lat' dir='ltr'>praesumat</span> <span class='ocrx_word' id='word_1_207' title='bbox 779 3068 822 3131; x_wconf 93' lang='lat' dir='ltr'>eis</span> <span class='ocrx_word' id='word_1_208' title='bbox 849 3068 990 3130; x_wconf 90' lang='lat' dir='ltr'>iniuriam</span> <span class='ocrx_word' id='word_1_209' title='bbox 1019 3075 1073 3130; x_wconf 91' lang='lat' dir='ltr'>aut</span> <span class='ocrx_word' id='word_1_210' title='bbox 1098 3067 1244 3131; x_wconf 82' lang='lat' dir='ltr'>lesionem</span> 
     </span>
    </p>
   </div>
   <div class='ocr_carea' id='block_1_6' title="bbox 48 3168 1244 3255">
    <p class='ocr_par' dir='ltr' id='par_1_9' title="bbox 48 3168 1244 3255">
     <span class='ocr_line' id='line_1_28' title="bbox 48 3168 1244 3255; baseline -0.001 -22"><span class='ocrx_word' id='word_1_211' title='bbox 48 3252 50 3255; x_wconf 16' lang='grc' dir='ltr'>Ι</span> <span class='ocrx_word' id='word_1_212' title='bbox 161 3171 283 3247; x_wconf 80' lang='lat' dir='ltr'>facere3</span> <span class='ocrx_word' id='word_1_213' title='bbox 316 3171 343 3234; x_wconf 91' lang='lat' dir='ltr'>si</span> <span class='ocrx_word' id='word_1_214' title='bbox 375 3170 456 3233; x_wconf 89' lang='lat' dir='ltr'>euim</span> <span class='ocrx_word' id='word_1_215' title='bbox 485 3168 645 3232; x_wconf 91' lang='lat' dir='ltr'>iniuriatus</span> <span class='ocrx_word' id='word_1_216' title='bbox 672 3169 763 3233; x_wconf 86' lang='lat' dir='ltr'>fuerit</span> <span class='ocrx_word' id='word_1_217' title='bbox 790 3173 887 3232; x_wconf 91' lang='lat' dir='ltr'>uerbo</span> <span class='ocrx_word' id='word_1_218' title='bbox 913 3176 1047 3245; x_wconf 89' lang='lat' dir='ltr'>tautum,</span> <span class='ocrx_word' id='word_1_219' title='bbox 1081 3178 1244 3251; x_wconf 89' lang='lat' dir='ltr'>componat</span> 
     </span>
    </p>
   </div>
   <div class='ocr_carea' id='block_1_7' title="bbox 87 3269 1244 3656">
    <p class='ocr_par' dir='ltr' id='par_1_10' title="bbox 87 3269 1244 3656">
     <span class='ocr_line' id='line_1_29' title="bbox 160 3269 1243 3352; baseline -0.002 -16"><span class='ocrx_word' id='word_1_220' title='bbox 160 3272 279 3336; x_wconf 91' lang='lat' dir='ltr'>solidos</span> <span class='ocrx_word' id='word_1_221' title='bbox 315 3271 488 3340; x_wconf 81' lang='lat' dir='ltr'>duodecim.</span> <span class='ocrx_word' id='word_1_222' title='bbox 539 3269 631 3343; x_wconf 88' lang='lat' dir='ltr'>Quod</span> <span class='ocrx_word' id='word_1_223' title='bbox 668 3271 706 3334; x_wconf 92' lang='lat' dir='ltr'>si·</span> <span class='ocrx_word' id='word_1_224' title='bbox 727 3291 853 3335; x_wconf 90' lang='lat' dir='ltr'>manum</span> <span class='ocrx_word' id='word_1_225' title='bbox 887 3289 982 3352; x_wconf 87' lang='lat' dir='ltr'>super</span> <span class='ocrx_word' id='word_1_226' title='bbox 1014 3291 1086 3334; x_wconf 88' lang='lat' dir='ltr'>eum</span> <span class='ocrx_word' id='word_1_227' title='bbox 1122 3273 1243 3345; x_wconf 84' lang='lat' dir='ltr'>miserit,</span> 
     </span>
     <span class='ocr_line' id='line_1_30' title="bbox 95 3373 1244 3455; baseline 0.001 -20"><span class='ocrx_word' id='word_1_228' title='bbox 95 3384 100 3396; x_wconf 92' lang='grc'><strong>’</strong></span> <span class='ocrx_word' id='word_1_229' title='bbox 161 3382 329 3455; x_wconf 92' lang='lat' dir='ltr'>componat</span> <span class='ocrx_word' id='word_1_230' title='bbox 355 3373 472 3437; x_wconf 88' lang='lat' dir='ltr'>solidos</span> <span class='ocrx_word' id='word_1_231' title='bbox 499 3380 630 3436; x_wconf 88' lang='lat' dir='ltr'>centum.</span> <span class='ocrx_word' id='word_1_232' title='bbox 673 3373 707 3434; x_wconf 89' lang='lat' dir='ltr'>Si</span> <span class='ocrx_word' id='word_1_233' title='bbox 727 3381 831 3435; x_wconf 92' lang='lat' dir='ltr'>autem</span> <span class='ocrx_word' id='word_1_234' title='bbox 853 3381 884 3437; x_wconf 89' lang='lat' dir='ltr'>et</span> <span class='ocrx_word' id='word_1_235' title='bbox 905 3373 1015 3455; x_wconf 89' lang='lat' dir='ltr'>aliquis</span> <span class='ocrx_word' id='word_1_236' title='bbox 1044 3373 1244 3455; x_wconf 86' lang='lat' dir='ltr'>presumserit</span> 
     </span>
     <span class='ocr_line' id='line_1_31' title="bbox 161 3474 1243 3558; baseline 0 -19"><span class='ocrx_word' id='word_1_237' title='bbox 161 3484 300 3539; x_wconf 89' lang='lat' dir='ltr'>actorem</span> <span class='ocrx_word' id='word_1_238' title='bbox 321 3475 462 3538; x_wconf 91' lang='lat' dir='ltr'>occidere</span> <span class='ocrx_word' id='word_1_239' title='bbox 482 3474 643 3537; x_wconf 89' lang='lat' dir='ltr'>utilitatem</span> <span class='ocrx_word' id='word_1_240' title='bbox 666 3494 754 3536; x_wconf 88' lang='lat' dir='ltr'>suam</span> <span class='ocrx_word' id='word_1_241' title='bbox 776 3483 988 3557; x_wconf 80' lang='lat' dir='ltr'>peragentem,</span> <span class='ocrx_word' id='word_1_242' title='bbox 1019 3475 1089 3556; x_wconf 91' lang='lat' dir='ltr'>ipsa</span> <span class='ocrx_word' id='word_1_243' title='bbox 1110 3495 1243 3558; x_wconf 90' lang='lat' dir='ltr'>persona</span> 
     </span>
     <span class='ocr_line' id='line_1_32' title="bbox 87 3576 598 3656; baseline 0.004 -16"><span class='ocrx_word' id='word_1_244' title='bbox 87 3653 88 3656; x_wconf 8' lang='grc' dir='ltr'><strong>Ἴ</strong></span> <span class='ocrx_word' id='word_1_245' title='bbox 162 3579 304 3640; x_wconf 92' lang='lat' dir='ltr'>omnibus</span> <span class='ocrx_word' id='word_1_246' title='bbox 326 3576 427 3640; x_wconf 89' lang='lat' dir='ltr'>modis</span> <span class='ocrx_word' id='word_1_247' title='bbox 449 3577 598 3642; x_wconf 90' lang='lat' dir='ltr'>tradatur.</span> 
     </span>
    </p>
   </div>
   <div class='ocr_carea' id='block_1_8' title="bbox 158 3689 1243 4078">
    <p class='ocr_par' dir='ltr' id='par_1_11' title="bbox 158 3689 1243 4078">
     <span class='ocr_line' id='line_1_33' title="bbox 244 3689 1243 3774; baseline -0.006 -17"><span class='ocrx_word' id='word_1_248' title='bbox 244 3693 293 3757; x_wconf 88' lang='lat'>13.</span> <span class='ocrx_word' id='word_1_249' title='bbox 336 3690 437 3774; x_wconf 64' lang='lat' dir='ltr'>Jsltem</span> <span class='ocrx_word' id='word_1_250' title='bbox 470 3690 552 3753; x_wconf 93' lang='lat' dir='ltr'>stetit</span> <span class='ocrx_word' id='word_1_251' title='bbox 577 3690 616 3751; x_wconf 88' lang='lat' dir='ltr'>de</span> <span class='ocrx_word' id='word_1_252' title='bbox 644 3689 834 3762; x_wconf 87' lang='lat' dir='ltr'>fluminibus,</span> <span class='ocrx_word' id='word_1_253' title='bbox 868 3689 977 3771; x_wconf 91' lang='lat' dir='ltr'>quiin</span> <span class='ocrx_word' id='word_1_254' title='bbox 1012 3690 1076 3752; x_wconf 89' lang='lat' dir='ltr'>fine</span> <span class='ocrx_word' id='word_1_255' title='bbox 1105 3708 1243 3772; x_wconf 87' lang='lat' dir='ltr'>capuana</span> 
     </span>
     <span class='ocr_line' id='line_1_34' title="bbox 159 3791 1242 3873; baseline -0.003 -17"><span class='ocrx_word' id='word_1_256' title='bbox 159 3799 246 3869; x_wconf 89' lang='lat' dir='ltr'>suut;</span> <span class='ocrx_word' id='word_1_257' title='bbox 271 3792 333 3854; x_wconf 91' lang='lat' dir='ltr'>hoc</span> <span class='ocrx_word' id='word_1_258' title='bbox 354 3800 401 3855; x_wconf 91' lang='lat' dir='ltr'>est</span> <span class='ocrx_word' id='word_1_259' title='bbox 420 3792 535 3872; x_wconf 89' lang='lat' dir='ltr'>patria,</span> <span class='ocrx_word' id='word_1_260' title='bbox 566 3791 724 3855; x_wconf 89' lang='lat' dir='ltr'>ueltumas</span> <span class='ocrx_word' id='word_1_261' title='bbox 748 3798 841 3872; x_wconf 88' lang='lat' dir='ltr'>atque</span> <span class='ocrx_word' id='word_1_262' title='bbox 862 3791 1047 3866; x_wconf 89' lang='lat' dir='ltr'>meltumas,</span> <span class='ocrx_word' id='word_1_263' title='bbox 1069 3800 1102 3854; x_wconf 95' lang='lat' dir='ltr'>ut</span> <span class='ocrx_word' id='word_1_264' title='bbox 1123 3793 1155 3853; x_wconf 93' lang='lat' dir='ltr'>in</span> <span class='ocrx_word' id='word_1_265' title='bbox 1173 3793 1242 3873; x_wconf 90' lang='lat' dir='ltr'>ipsa</span> 
     </span>
     <span class='ocr_line' id='line_1_35' title="bbox 158 3893 1243 3975; baseline -0.004 -18"><span class='ocrx_word' id='word_1_266' title='bbox 158 3895 287 3957; x_wconf 86' lang='lat' dir='ltr'>traiecta</span> <span class='ocrx_word' id='word_1_267' title='bbox 313 3893 373 3957; x_wconf 92' lang='lat' dir='ltr'>siut</span> <span class='ocrx_word' id='word_1_268' title='bbox 400 3894 522 3958; x_wconf 88' lang='lat' dir='ltr'>licentia</span> <span class='ocrx_word' id='word_1_269' title='bbox 547 3894 727 3957; x_wconf 88' lang='lat' dir='ltr'>transeundi</span> <span class='ocrx_word' id='word_1_270' title='bbox 748 3901 811 3956; x_wconf 89' lang='lat' dir='ltr'>tam</span> <span class='ocrx_word' id='word_1_271' title='bbox 842 3894 1076 3975; x_wconf 83' lang='lat' dir='ltr'>negociautibns</span> <span class='ocrx_word' id='word_1_272' title='bbox 1100 3914 1195 3974; x_wconf 89' lang='lat' dir='ltr'>quam</span> <span class='ocrx_word' id='word_1_273' title='bbox 1216 3899 1243 3953; x_wconf 88' lang='lat' dir='ltr'>et</span> 
     </span>
     <span class='ocr_line' id='line_1_36' title="bbox 158 3995 1241 4078; baseline -0.001 -21"><span class='ocrx_word' id='word_1_274' title='bbox 158 3995 391 4078; x_wconf 88' lang='lat' dir='ltr'>responsalibus</span> <span class='ocrx_word' id='word_1_275' title='bbox 413 3996 463 4057; x_wconf 90' lang='lat' dir='ltr'>uel</span> <span class='ocrx_word' id='word_1_276' title='bbox 485 3996 628 4060; x_wconf 91' lang='lat' dir='ltr'>militibus</span> <span class='ocrx_word' id='word_1_277' title='bbox 646 4016 701 4060; x_wconf 93' lang='lat' dir='ltr'>seu</span> <span class='ocrx_word' id='word_1_278' title='bbox 717 3996 782 4059; x_wconf 90' lang='lat' dir='ltr'>aliis</span> <span class='ocrx_word' id='word_1_279' title='bbox 797 3997 940 4076; x_wconf 89' lang='lat' dir='ltr'>personis</span> <span class='ocrx_word' id='word_1_280' title='bbox 955 3997 994 4057; x_wconf 93' lang='lat' dir='ltr'>de</span> <span class='ocrx_word' id='word_1_281' title='bbox 1009 3997 1122 4058; x_wconf 88' lang='lat' dir='ltr'>ducatu</span> <span class='ocrx_word' id='word_1_282' title='bbox 1140 4002 1241 4058; x_wconf 89' lang='lat' dir='ltr'>uestro</span> 
     </span>
    </p>
   </div>
   <div class='ocr_carea' id='block_1_9' title="bbox 116 4181 556 4255">
    <p class='ocr_par' dir='ltr' id='par_1_12' title="bbox 116 4181 556 4255">
     <span class='ocr_line' id='line_1_37' title="bbox 116 4181 556 4255; baseline -0.005 -17"><span class='ocrx_word' id='word_1_283' title='bbox 116 4191 120 4201; x_wconf 88' lang='grc'><strong><em>·</em></strong></span> <span class='ocrx_word' id='word_1_284' title='bbox 160 4182 182 4255; x_wconf 82' lang='lat'>¹]</span> <span class='ocrx_word' id='word_1_285' title='bbox 202 4181 252 4252; x_wconf 80' lang='lat' dir='ltr'>cfr.</span> <span class='ocrx_word' id='word_1_286' title='bbox 270 4183 347 4240; x_wconf 84' lang='lat' dir='ltr'>ltutt.</span> <span class='ocrx_word' id='word_1_287' title='bbox 365 4181 411 4237; x_wconf 77' lang='lat'>³2.</span> <span class='ocrx_word' id='word_1_288' title='bbox 430 4181 475 4236; x_wconf 87' lang='lat'>33.</span> <span class='ocrx_word' id='word_1_289' title='bbox 493 4182 556 4236; x_wconf 80' lang='lat'><strong>253.</strong></span> 
     </span>
    </p>
   </div>
   <div class='ocr_carea' id='block_1_10' title="bbox 0 0 1292 4710">
    <p class='ocr_par' dir='ltr' id='par_1_13' title="bbox 0 0 1292 4710">
     <span class='ocr_line' id='line_1_38' title="bbox 0 0 1292 4710; baseline 0 3"><span class='ocrx_word' id='word_1_290' title='bbox 0 0 1292 4710; x_wconf 95' lang='lat' dir='ltr'> </span> 
     </span>
    </p>
   </div>
  </div>
 </body>
</html>
