2574 4710
96 309 155 374 150
218 305 380 368 NOTITIA
402 308 454 368 DE
475 307 695 415 adromeus
716 308 841 384 REGIS,
863 329 894 389 p.
917 306 989 374 Gbr.
1012 309 1085 376 733.

94 492 176 553 unde
197 499 378 572 preceptum
399 493 514 556 falsum
534 492 717 568 inueniatur,
741 494 825 573 qnod
849 500 959 573 aperta
974 511 1071 556 causa
1085 500 1132 556 cst
1146 495 1183 555 ad

93 592 314 673 requirendum
325 604 346 659 ¹.
1048 595 1052 599 ’

176 798 207 861 3.
241 795 271 857 si
294 796 363 876 quis
385 816 496 860 seruus
517 806 626 860 noster
647 799 768 862 occisus
789 799 895 872 fuerit,
926 800 1003 860 duas
1030 796 1129 877 partis
1151 797 1185 858 de

92 897 161 976 ipsa
195 899 442 978 conpositionem
473 900 563 963 tollat
594 901 688 963 curtis
722 909 845 974 nostra,
890 908 921 962 et
956 898 1081 991 tertiam
1117 917 1185 978 pars

92 998 231 1078 parentis
253 999 349 1081 ipsius
373 1003 455 1063 serui
476 1001 576 1065 nostri
598 1003 743 1076 defuncti,
765 1002 843 1065 sicut
865 1002 1007 1082 superius
1028 999 1186 1065 diximust

15 1110 22 1121 '
92 1100 162 1162 Hoc
195 1109 299 1163 autem
327 1103 358 1163 in
386 1104 495 1166 diebus
527 1105 643 1166 nostris
674 1114 706 1166 ct
733 1105 765 1166 in
797 1111 940 1185 tempore
971 1103 1060 1184 regni
1094 1101 1186 1163 nostri

93 1204 267 1277 statuimus,
291 1204 433 1284 quamuis
455 1205 506 1266 lex
527 1212 637 1267 nostra
658 1226 722 1267 non
745 1206 798 1268 sit:
828 1213 901 1286 post
921 1211 1028 1266 autem
1049 1213 1187 1266 nostrum

94 1306 273 1380 decessum,
304 1307 356 1387 qui
384 1327 441 1386 pro
470 1316 614 1388 tempore
641 1308 785 1387 princeps
812 1308 916 1380 fuerit,
944 1307 1038 1368 faciat
1065 1305 1143 1368 sicut
1163 1305 1187 1366 ei

94 1408 170 1469 deus
197 1407 397 1488 inspiraucrit
424 1417 478 1470 aut
504 1417 622 1471 rectum
650 1410 728 1471 sicut
750 1409 921 1471 secundum
942 1409 1080 1470 animum
1103 1425 1187 1469 suam

91 1508 272 1587 preuiderit.
316 1509 397 1581 Quia
418 1529 482 1571 non
505 1512 612 1585 semel,
634 1511 690 1572 sed
713 1511 890 1572 multotiens
913 1509 1118 1591 cognouimus
1140 1507 1188 1569 nbi

93 1610 163 1670 talis
186 1629 314 1673 causam
337 1613 513 1685 emerserit,
543 1613 692 1693 quoniam
712 1613 823 1672 necin
845 1615 939 1674 rebus
961 1610 1109 1692 publicis,
1137 1628 1188 1670 nec

92 1711 177 1772 nulla
199 1714 355 1773 rationem
376 1713 483 1792 palatii
507 1713 670 1794 profuerit,
701 1715 784 1793 quod
813 1713 924 1774 exinde
950 1713 1066 1775 actoris
1094 1711 1188 1774 nostri

93 1813 255 1889 tollcrunt3
278 1822 309 1876 et
330 1814 458 1894 insuper
478 1816 652 1877 inueuimus
669 1825 700 1876 et
720 1815 921 1896 cognouimus
938 1815 1053 1876 multos
1069 1821 1187 1875 actores

17 1904 20 1909 ’
92 1908 229 1988 nostros,
258 1916 311 1996 qui
333 1916 483 1978 tollebant
505 1917 543 1976 de
565 1895 692 1995 singulis
715 1917 798 1976 unde
820 1918 928 1977 decem
951 1914 1081 1987 solidos,
1111 1914 1188 1975 unde

93 2036 159 2090 sex,
182 2017 265 2078 unde
288 2018 431 2098 amplius,
454 2026 486 2080 et
506 2018 624 2079 dabant
645 2017 740 2078 talem
763 2018 897 2097 spatium
920 2025 1013 2098 atque
1034 2016 1188 2096 tranquil-

68 2162 71 2166 ·
92 2118 166 2190 lum,
190 2120 290 2179 donec
310 2120 378 2200 ipse
400 2120 453 2200 qui
474 2118 675 2179 homicidium
690 2119 823 2180 faciebat
843 2121 1013 2199 obsegrare
1028 2117 1187 2199 potuisset,

92 2228 127 2281 ut
147 2221 258 2282 exinde
272 2222 349 2282 nibil
364 2223 462 2287 daret.
494 2220 690 2301 Proindeque
712 2220 901 2300 preuidimus
924 2228 1076 2283 statuere:
1101 2218 1187 2280 curtis

93 2331 203 2384 nostra
233 2324 430 2384 medietatem
460 2322 499 2382 de
528 2322 668 2384 aldiones
686 2330 730 2383 ct
759 2323 835 2384 duas
864 2330 971 2402 partes
1001 2323 1040 2382 de
1071 2339 1187 2393 seruos,

93 2425 174 2486 sicut
195 2435 309 2504 super³
333 2425 476 2497 diximus,
498 2424 624 2496 habeat,
647 2432 679 2484 et
699 2424 840 2504 relinqua
861 2432 951 2503 parte
972 2424 1031 2505 ipsi
1053 2423 1188 2504 parentis

93 2526 270 2606 propinqui,
293 2535 326 2589 ut
347 2527 430 2586 unde
451 2525 569 2587 habent
590 2526 709 2600 dolore,
732 2526 871 2587 habeant
889 2527 920 2586 in
940 2526 1047 2605 aliquo
1063 2533 1189 2605 propter

95 2629 272 2689 mercedem
294 2628 550 2691 consolationem.

179 2732 208 2794 4.
240 2730 371 2807 Propter
396 2729 489 2789 deum
512 2727 629 2790 eteius
653 2727 866 2789 misericordia
887 2728 1075 2807 precipimus
1099 2734 1189 2806 atque

95 2831 258 2893 statuimus
289 2829 358 2892 sola
386 2829 509 2909 pictatis
543 2848 655 2902 causa,
687 2837 719 2889 ut
749 2829 775 2890 si
807 2830 907 2892 aldius
934 2837 1043 2890 noster
1071 2828 1188 2888 occisus
1219 2906 1222 2911 ⁶

86 2932 195 3004 luerit,
217 2931 415 2992 medietatem
437 2932 475 2991 de
497 2931 565 3011 ipsa
589 2930 834 3011 conpositionem
856 2931 944 3002 tollat
965 2938 1051 2992 curte
1072 2937 1188 2999 nostra,

24 3083 26 3087 .
94 3042 126 3095 et
141 3034 339 3094 medictatem
354 3039 498 3113 parentes
514 3032 610 3112 ipsius
627 3033 769 3106 defuncti,
786 3033 812 3094 si
827 3034 900 3094 uiuo
915 3040 1037 3112 patrem
1048 3030 1190 3092 babuerit

94 3135 221 3197 aldione
241 3142 361 3207 nostro,
384 3134 451 3196 sibe
474 3141 615 3205 matrem,
639 3133 704 3194 sibe
726 3135 849 3206 fratres,
872 3134 938 3196 sibe
960 3133 1026 3198 filii.

179 3344 208 3404 5.
242 3338 289 3400 Oc
312 3337 508 3419 precipimus,
531 3344 565 3398 ut
584 3325 867 3416 nullus'presumat
888 3354 945 3394 nec
962 3335 1002 3394 da
1025 3354 1119 3411 seruo
1134 3354 1190 3395 nec

95 3441 137 3501 da
159 3440 282 3501 aldione
303 3445 411 3500 nostro
427 3439 542 3519 aliquid
563 3445 703 3513 emere⁴;
727 3438 799 3517 quia
814 3456 872 3516 pro
888 3435 1020 3498 cautella
1036 3445 1067 3498 ct
1080 3437 1189 3499 futuris

97 3540 287 3620 temporibus
310 3561 366 3621 per
389 3560 498 3602 omnes
522 3548 624 3601 curtes
646 3548 769 3601 nostras
792 3537 880 3599 brebi
900 3532 1031 3599 facimus
1047 3538 1087 3598 de
1108 3537 1191 3599 omni

95 3641 251 3703 territuria
272 3642 311 3702 dc
332 3642 418 3722 ipsas
441 3649 541 3703 curtes
566 3641 764 3720 pertinentes.
808 3641 897 3702 Vnde
925 3639 1127 3720 precipimus,
1160 3648 1192 3701 ut

97 3743 151 3824 qui
180 3743 295 3805 amodo
320 3743 463 3805 inuentus
489 3742 581 3804 fuerit
603 3744 642 3802 de
669 3761 762 3812 seruo
786 3747 838 3801 ant
861 3741 900 3801 de
921 3741 1077 3801 aldionem
1101 3741 1191 3802 uela

39 3892 42 3897 .
95 3844 269 3925 pertinente
299 3844 338 3904 de
367 3852 453 3905 curte
481 3852 590 3907 nostra
622 3843 737 3923 aliquid
771 3861 891 3916 emere,
924 3841 1027 3922 ipsum
1059 3844 1192 3922 perdere

97 3946 206 4018 babet,
235 3945 318 4007 sicut.
339 3946 391 4026 qui
417 3966 468 4008 res
496 3946 613 4008 alienas
644 3945 726 4005 malo
756 3943 899 4004 ordinem
927 3943 1056 4006 inuadit.
1099 3944 1138 4004 Et
1166 3943 1192 4006 si

97 4069 118 4137 ¹)
137 4067 187 4135 cfr.
209 4068 307 4135 liutpr.
329 4084 351 4120 c.
374 4066 434 4121 115.
511 4068 531 4133 ²)
553 4067 626 4121 llaec
639 4068 715 4119 dictu
734 4081 786 4118 con
807 4071 907 4132 colunt.
980 4064 1003 4135 ³)
1022 4067 1102 4119 Immo
1119 4064 1191 4133 infru

95 4175 155 4226 cup.
177 4156 201 4228 4,
223 4164 248 4212 et
268 4161 300 4213 de
318 4160 383 4211 sotis
402 4159 558 4213 aldionibus.
632 4161 652 4228 ⁴)
673 4156 723 4224 cfr.
745 4156 844 4224 Liutpr.
865 4174 887 4211 c.
907 4154 944 4208 78
960 4154 988 4224 fi.
1016 4203 1018 4207 ,
