2574 4710
268 327 422 391 stunabt
442 328 493 389 ET
513 326 699 390 toflnnnts
721 326 873 403 Pacato,
894 348 923 395 a.
944 328 1016 394 836.
1123 326 1182 397 189
1271 427 1278 445 l

95 514 317 576 conscientiam
350 521 489 576 nostram
521 514 625 594 aliqua
656 514 773 575 clasma
805 533 824 574 a
859 512 970 585 uestris
1004 513 1181 581 homiuibus
1211 532 1214 535 ·

93 617 177 678 tacta
199 616 299 689 luerit,
321 622 355 677 ut
376 622 569 678 sacramenta
583 615 765 697 perueniant
779 635 797 679 a
811 614 961 696 partibus,
981 615 1180 695 purificantes

92 739 151 782 uos
173 737 231 798 per
250 737 402 797 personas
425 724 555 799 quantas
571 726 602 780 et
623 716 731 799 quales
752 717 922 791 uolueritis,
946 716 1039 797 „quia
1053 738 1110 780 uec
1123 739 1181 801 per

94 818 269 892 eonsilium,
296 839 354 881 nec
374 839 497 900 panem,
524 838 583 880 nec
605 838 718 900 aquam
741 838 809 881 cum
829 821 937 881 nostra
959 819 1118 883 uoluntate
1140 824 1179 883 dc

93 921 209 984 uostris
236 921 349 985 finibus
377 928 608 1001 susceperunt“,
638 929 668 983 et
694 922 733 984 sit
762 940 855 984 causa
880 920 977 986 finita.
1021 921 1053 983 Si
1075 930 1178 986 autem

93 1025 304 1103 approbatum
325 1024 426 1101 suerit,
450 1024 522 1104 quia
544 1043 613 1085 cum
635 1023 762 1088 consilio
783 1023 972 1104 principatus
993 1025 1093 1087 nostri
1110 1025 1179 1105 ipsa

93 1125 191 1186 laesio
213 1125 295 1186 facta
317 1125 416 1188 estin
438 1127 551 1188 ducatu
570 1136 676 1188 uestro
697 1124 906 1205 neapolitano,
928 1132 1000 1187 tuuc
1021 1128 1179 1191 subiaceat
1271 1198 1273 1203 ,

93 1247 167 1308 pars
197 1237 306 1290 nostra
332 1227 413 1307 parti
441 1234 565 1303 uestrae
591 1246 793 1306 romanorum
821 1227 923 1307 ipsum
950 1223 1119 1308 'dampnum
1147 1230 1178 1290 in

94 1328 188 1408 duplo
211 1331 357 1402 reddere,
385 1330 457 1410 quia
484 1339 651 1411 postquam
673 1329 884 1391 desiderantes
907 1331 1072 1392 concordia
1093 1332 1178 1413 pacis

92 1429 221 1492 domiuo
243 1432 437 1512 permittente
453 1432 574 1494 anobis
596 1433 712 1493 domno
728 1431 795 1492 uiro
817 1430 1040 1510 gloriosissimo
1056 1434 1179 1496 sicardo

92 1531 239 1613 principe,
260 1534 420 1615 percipere
441 1534 595 1596 meruistis
618 1532 708 1614 digne
730 1541 760 1596 et
781 1533 971 1607 uoluntarie,
992 1535 1076 1597 nullo
1099 1556 1180 1599 eou-

93 1634 265 1696 tradicente
286 1620 325 1697 ex
346 1635 460 1698 nostris
482 1636 608 1700 ciuibus.

177 1741 208 1803 2.
228 1738 230 1742 ’
251 1737 330 1818 iSet
355 1738 395 1798 ad
423 1737 609 1799 firmandam
635 1736 726 1798 uobis
752 1737 901 1799 libertatis
931 1746 961 1800 et
986 1739 1071 1819 pacis
1094 1739 1179 1801 eari-

92 1845 199 1910 tatem,
221 1858 278 1918 per
300 1859 392 1920 quam
415 1860 472 1902 uos
496 1839 617 1902 creditis
640 1838 744 1902 illesos
768 1841 942 1920 gubemari‚
965 1841 1177 1921 spopondistis

70 1939 194 2015 nobis,
216 1940 462 2022 cuisupradicto
485 1920 597 2002 erii‘mio
618 1941 747 2023 principi
768 1942 904 2016 sicardo,
927 1944 1055 2016 amodo,
1077 1943 1108 2003 id
1131 1952 1179 2006 est

92 2048 208 2121 quarta
221 2043 270 2103 die
284 2043 397 2105 mensis
412 2043 476 2103 iulii
490 2043 643 2104 indicione
660 2047 707 2108 14.
722 2062 779 2123 per
798 2063 1049 2124 unumquemque
1063 2063 1178 2105 annum

91 2144 172 2204 dare
192 2143 280 2205 nobis
302 2144 445 2206 collatam
468 2152 498 2206 et
517 2144 693 2225 pristinam,
724 2165 783 2225 que
813 2146 951 2209 consueti
971 2145 1069 2208 fuistis
1092 2147 1178 2213 dare.

92 2244 125 2305 Si
147 2264 224 2306 uero
239 2254 310 2307 aute
333 2248 468 2326 quinque
490 2265 589 2308 annos
611 2247 761 2326 expletos,
784 2248 861 2310 sicut
874 2248 1014 2328 superius
1030 2247 1178 2328 scriptum

95 2353 155 2420 cst,
182 2355 308 2427 pactum
329 2355 456 2411 nostrae
478 2347 596 2428 gloriae
617 2348 736 2409 irritum
762 2349 909 2426 feceritis,
938 2369 997 2411 nos
1023 2349 1178 2412 licentiam

95 2445 265 2511 habeamus
281 2449 423 2513 omnibus
439 2451 538 2512 modis
553 2450 716 2530 pignerare
731 2453 813 2531 apud
827 2472 895 2526 uos,
919 2451 972 2536 [ot]
995 2452 1177 2527 habeamus,

93 2569 150 2630 per
173 2569 253 2630 quae
275 2552 315 2612 ad
337 2559 475 2615 nostram
496 2551 621 2632 plenam
646 2552 793 2614 iustitiam
818 2554 981 2634 peruenire
1011 2554 1176 2633 possimus,

92 2660 158 2712 tam
182 2644 233 2712 de
247 2652 334 2716 istius
363 2654 445 2735 pacti
472 2655 572 2717 nostri
598 2655 793 2735 corruptione
820 2663 891 2717 aute
920 2657 1056 2738 quinque
1078 2676 1176 2720 annos

93 2752 250 2834 expletos;
284 2754 335 2815 uel
364 2756 390 2818 si
424 2766 495 2818 anto
521 2757 630 2837 pignus
659 2757 801 2820 steteritis
832 2759 872 2819 de
897 2759 963 2822 istis
994 2759 1176 2840 supradictis
1246 2756 1249 2762 ’

93 2855 244 2936 capitulis,
271 2873 458 2935 componere
478 2859 568 2921 nobis
590 2859 727 2921 debeatis
749 2861 918 2922 secuudum
939 2868 1075 2923 uestram
1097 2882 1177 2942 pro-

93 2958 276 3019 missionem
297 2957 364 3017 auri
384 2957 502 3021 solidos
524 2962 755 3047 beneuentanos
780 2981 910 3023 numero
937 2963 996 3024 tria
1022 2964 1119 3038 milia,
1147 2972 1178 3026 et

91 3057 222 3139 insuper
242 3042 298 3137 pei
326 3068 554 3122 scamaratores
577 3080 632 3123 seu
654 3081 759 3124 cursas
782 3070 813 3124 et
833 3064 989 3143 puplicum
1011 3066 1176 3127 exercitum

93 3160 331 3242 oppressionem
352 3161 456 3224 facere
470 3182 568 3243 usque
583 3164 623 3224 ad
643 3171 783 3226 nostram
805 3164 1054 3232 satisfactionem.
1084 3167 1176 3239 Quod

95 3262 128 3335 si,
156 3263 284 3324 domino
306 3262 432 3327 iuuante
455 3274 485 3326 et
505 3271 614 3327 nostra
636 3266 733 3347 gratia
757 3265 935 3340 comitante,
963 3268 995 3328 in
1020 3268 1069 3330 his
1097 3289 1177 3350 quae

94 3363 183 3426 nobis
212 3364 325 3444 placati
352 3367 452 3439 estis,
469 3367 632 3430 inmobiles
654 3367 797 3430 steteritis
818 3388 917 3449 usque
939 3371 979 3430 ad
1000 3371 1176 3449 praedictos
1277 3375 1279 3379 ’

96 3467 230 3547 quinque
257 3486 355 3530 annos
383 3468 539 3548 expletos,
568 3469 701 3530 ethaeo
727 3470 817 3532 nobis
841 3471 1017 3551 supradicta
1040 3472 1176 3553 singulos

94 3569 435 3654 anuospersolueritis,
460 3571 522 3632 hoc
542 3571 793 3652 repromittimus,
822 3581 854 3635 ut
875 3573 975 3635 securi
997 3582 1027 3636 et
1047 3573 1136 3636 inlesi
1157 3593 1176 3634 a

94 3676 203 3732 nostra
223 3658 364 3750 partein
386 3673 495 3736 uestris
517 3673 630 3735 finibus
652 3675 867 3752 permaneatis.

177 3774 207 3837 3.
251 3773 344 3854 †Hoc
364 3775 459 3847 stetit,
486 3784 519 3837 ut
538 3775 764 3855 langobardum
784 3776 958 3838 nullatenus
981 3776 1175 3856 comparetis,

95 3892 150 3934 nec
177 3892 271 3953 super
298 3893 384 3936 mare
411 3876 602 3941 uenundetis.
653 3875 744 3948 Quod
774 3877 799 3938 si
826 3878 940 3941 lactum
970 3879 1074 3952 suerit,
1107 3879 1175 3958 ipsa

69 3986 230 4052 ‘persona
261 3977 359 4038 nobis·
385 3978 536 4051 tradatur,
574 3978 626 4058 qui
658 3979 861 4058 comparauit,
898 4000 967 4042 cum
997 3981 1049 4042 illo
1084 3999 1176 4061 quern
1252 3970 1254 3975 ¹

94 4078 301 4156 comparauit3
331 4087 364 4139 ut
390 4078 481 4140 simul
511 4080 563 4160 qui
589 4080 797 4159 comparauit,
827 4102 920 4162 quam
949 4083 1041 4144 etiam
1066 4091 1096 4145 et
1124 4084 1175 4164 qui

94 4179 295 4254 uenundauit,
326 4183 419 4242 ambo
441 4180 531 4244 uobis
553 4182 722 4243 tradantur.
765 4182 803 4245 Et
824 4184 851 4246 si
872 4204 949 4257 nou,
980 4192 1010 4246 et
1030 4185 1174 4248 dilatacio
