2574 4710
134 375 175 436 72
350 366 517 429 aolc'rvs
538 365 716 428 ROTHARl
738 363 820 426 CAP.
844 365 1021 431 att-388.

221 555 292 619 384.
335 552 382 612 De
404 550 542 626 brachio,
566 568 644 611 coxa
667 569 722 611 seu
744 550 820 610 tibia
840 558 942 628 rupta.
975 549 1007 610 Si
1023 549 1092 629 quis
1114 550 1231 612 bomini

137 658 236 719 libero
268 654 430 717 brachium
456 672 550 732 super
581 651 734 734 gubitnm‚
763 651 825 712 boc
852 658 901 713 est
922 651 1073 726 muriotb‚
1107 652 1231 733 ruperit,

138 763 296 838 conponat
317 755 434 818 solidos
456 753 585 834 uigenti3
609 754 635 816 si
657 760 761 814 autem
783 755 891 815 subtus
913 753 1061 834 gobitam,
1084 754 1169 834 quod
1189 763 1235 816 est

139 867 237 932 treno,
260 863 417 936 conponat
432 855 549 917 solidos
567 856 718 931 sedecim;
742 855 768 916 si
791 874 870 916 coxa
892 855 1010 935 ruperit
1024 875 1120 936 super
1135 875 1236 937 genu-

141 960 258 1031 culum,
296 958 379 1039 quod
402 967 449 1019 est
470 957 545 1037 lagi,
579 964 736 1037 conponat
765 957 882 1019 solidos
905 957 1034 1037 uigenti3
1072 958 1099 1020 si
1129 960 1235 1020 subtus

140 1061 334 1143 genuculum,
359 1060 442 1139 quod
458 1065 506 1120 est
519 1059 603 1131 tibia,
625 1066 783 1142 conponat
805 1059 922 1122 solidos
944 1060 1092 1121 sedecim.
1115 1060 1147 1121 Si
1162 1080 1236 1122 nero

142 1183 246 1227 semus
269 1169 322 1224 aut
336 1161 444 1224 clodus
466 1159 566 1233 luerit,
589 1170 746 1241 conponat
768 1160 845 1222 sicut
865 1161 895 1221 in
917 1162 980 1223 hoc
1002 1163 1138 1223 edictum
1157 1162 1238 1243 legi-

142 1274 191 1327 tur
215 1265 295 1349 [cap.
321 1263 407 1347 ll2]‚
431 1270 574 1342 quartam
596 1269 719 1342 partem
740 1262 840 1343 pretii.

226 1404 298 1468 385.
346 1401 393 1461 De
420 1400 547 1460 mundio
576 1399 678 1479 puelle
705 1408 736 1461 et
765 1401 911 1464 deuitum.
967 1401 999 1461 Si
1027 1402 1175 1487 mundius
1202 1403 1239 1462 dc

143 1504 247 1585 puella
268 1504 383 1574 libera,
414 1510 560 1582 parentes
584 1509 738 1573 mortuos,
767 1503 805 1563 ad
837 1509 954 1563 curtem
981 1503 1063 1586 regis
1086 1503 1238 1576 ceciderit,

145 1615 176 1666 et
196 1613 287 1685 pater
308 1603 358 1664 uel
379 1603 475 1664 frater
497 1602 632 1662 deultum
657 1604 830 1677 demiserit,
860 1604 891 1664 in
914 1611 1042 1684 quotam
1064 1606 1242 1685 portionem

145 1707 226 1788 patri
248 1706 299 1766 uel
320 1704 561 1766 l1·atrihe1·edes
585 1705 777 1778 successerit,
798 1705 841 1766 ita
864 1715 894 1767 et
917 1707 1054 1768 deuitum
1073 1707 1246 1797 persoluat.

147 1809 244 1870 Simili
267 1809 362 1868 modo
386 1813 416 1867 et
438 1805 463 1867 si
485 1806 643 1868 naturales
665 1805 720 1868 filii
742 1808 864 1875 fuerint.

231 1947 303 2012 386.
352 1947 553 2007 Praesentem
582 1964 658 2007 uero
691 1946 903 2026 dispositionis
937 1956 1065 2008 nostrae
1101 1948 1247 2021 edictum,

149 2087 186 2096 -
212 2067 304 2127 quem
327 2048 387 2108 deo
410 2047 545 2128 propitio
568 2067 637 2108 cum
660 2066 782 2109 summo
806 2048 907 2109 studio
930 2057 960 2108 et
982 2049 1111 2111 summis
1134 2050 1249 2131 uigiliis

148 2169 167 2212 a
189 2150 334 2239 celestem
356 2148 500 2210 faborem
520 2150 693 2229 praestitis,
724 2149 914 2228 inquirentes
941 2156 971 2210 et
998 2161 1249 2214 rememorantes

148 2251 292 2332 antiquas
320 2251 396 2332 legis
424 2261 547 2332 patrum
576 2260 756 2314 nostrorum
787 2270 868 2332 quae
895 2251 1029 2330 scriptae
1057 2272 1121 2313 non
1149 2263 1249 2327 erant,

149 2353 364 2427 condedimus,
388 2362 432 2425 et,
456 2354 539 2433 quod
562 2374 620 2434 pro
643 2371 807 2413 commune
836 2353 975 2413 omnium
997 2354 1096 2433 gentis
1119 2364 1251 2418 nostrae

149 2455 329 2516 utilitatibus
354 2454 535 2533 expediunt,
565 2454 634 2533 pari
656 2455 786 2516 consilio
814 2453 944 2534 parique
966 2474 1155 2518 consensum
1179 2478 1250 2520 cum

147 2557 299 2637 primatos
322 2555 448 2630 iudices,
471 2564 660 2636 cunctosque
681 2556 892 2617 felicissimum
914 2557 1082 2638 exercitum
1105 2567 1249 2622 nostrum

150 2665 298 2738 augentes
312 2657 534 2724 ,constituimus
558 2693 597 2702 —-
619 2658 650 2717 in
672 2657 734 2717 hoo
755 2660 970 2719 membranum
993 2659 1252 2725 scriberoiussi-

120 2777 235 2832 ,mus3
263 2765 487 2838 pertractantes
518 2766 549 2819 et
575 2760 630 2842 sub
653 2758 715 2819 hoo
744 2766 849 2819 tamen
879 2759 1012 2840 capitulo
1038 2772 1250 2839 reseruantes,

149 2869 183 2922 ut
206 2861 290 2940 quod
312 2859 423 2933 adbuc,
446 2868 632 2921 annuentem
648 2859 784 2922 diuinam
800 2860 1003 2935 clementiam,
1025 2882 1083 2942 per
1104 2866 1250 2928 subtilem

149 2961 382 3042 inquisitionem
415 2963 454 3022 de
488 2962 629 3043 antiquas
662 2960 739 3042 legis
777 2963 1060 3043 langobardorum,
1094 2975 1160 3028 tam
1191 2989 1250 3048 per

150 3063 361 3143 nosmetipsos
378 3082 471 3142 quam
493 3084 550 3145 per
572 3064 717 3143 antiquos
738 3062 882 3126 homines
905 3084 1081 3127 memorare
1103 3072 1249 3149 potueri-

151 3184 238 3241 mus;
267 3165 298 3226 in
320 3165 381 3226 hoo
403 3163 536 3224 edictum
559 3164 742 3246 subiungere
765 3167 951 3242 debeamus;
984 3168 1149 3245 addentes,
1173 3173 1247 3252 quin

152 3268 245 3329 etiam
267 3276 297 3328 et
321 3286 376 3349 por
398 3265 572 3347 gairethinx
600 3268 769 3329 secundum
796 3268 872 3330 ritus
894 3269 993 3349 gentis
1016 3280 1144 3333 nostrae
1166 3293 1247 3335 con-

151 3369 322 3442 firmantes,
344 3377 378 3430 ut
399 3367 438 3430 sit
459 3368 538 3428 haec
560 3368 610 3429 lex
633 3368 724 3431 firma
746 3379 778 3432 et
799 3370 941 3444 stabelis,
966 3373 1109 3451 quatinus
1131 3376 1248 3438 nostris

150 3471 334 3533 felicissimis
358 3477 388 3530 et
409 3469 518 3530 futuris
540 3470 731 3550 temporibus
753 3470 884 3533 firmiter
913 3480 943 3534 et
967 3473 1184 3537 inuiolabiliter
1207 3480 1246 3539 ab

152 3573 295 3634 omnibus
319 3569 432 3633 nostris
454 3571 598 3634 subiectis
621 3573 820 3639 costodiatur,
1051 3576 1055 3583 '

236 3711 306 3775 387.
352 3708 383 3769 Si
406 3710 474 3789 quis
495 3710 655 3771 hominem
677 3711 823 3786 liberum,
851 3731 958 3775 casum
980 3713 1158 3789 facientem,
1181 3737 1247 3778 no-

151 3812 245 3872 lendo
279 3811 438 3884 occiderit,
470 3816 632 3892 conponat
653 3832 724 3873 eum
754 3814 832 3875 sicut
858 3814 1048 3894 adpretiatus
1080 3817 1185 3892 fuerit,
1216 3827 1247 3882 et

151 3911 235 3973 faida
257 3932 320 3973 non
341 3913 524 3994 requiratur,
547 3934 585 3975 eo
609 3915 692 3994 quod
713 3915 851 3976 nolendo
871 3915 953 3981 fecit.

236 4051 307 4115 388.
350 4051 389 4113 Et
408 4051 470 4113 hoc
492 4053 634 4115 addimus
662 4072 698 4114 ac
724 4054 932 4128 decernimus,
965 4063 999 4117 ut
1021 4076 1151 4131 causae,
1186 4079 1249 4139 que

152 4151 267 4212 fenitae
290 4160 369 4226 sunt,
392 4173 454 4214 non
477 4155 688 4220 reuoluantur.
718 4155 807 4228 Quae
829 4165 932 4218 autem
954 4169 1111 4222 non-sunt
1132 4161 1250 4222 fenitae
