2574 4710
91 306 153 368 200
378 299 510 360 LEGES'
525 297 893 362 LANGOBARDORVM.
907 289 909 296 ’

91 487 206 547 factam
231 504 249 566 a
270 491 359 563 parte
380 491 498 555 nostra,
528 491 649 543 etcum
671 483 754 543 omni
778 500 873 544 causa
896 499 962 552 sua,
992 496 1091 559 quam
1112 498 1185 540 nunc

92 587 244 648 habentes
267 585 424 646 uoluerint
444 603 549 647 secum
570 591 707 663 portare.

179 708 229 770 23.
272 705 310 766 Et
332 724 440 766 omnes
464 704 696 784 apprehensos,
729 703 889 782 quomodo
912 700 1070 764 noluerint
1091 699 1185 762 redire

67 885 69 889 μ
96 809 135 869 ad
161 827 225 879 uos,
249 806 436 867 dimittemus
459 807 562 866 redire
584 807 703 884 absque
721 803 805 863 omni
827 804 946 866 lesione
968 804 1186 868 membrorum.

180 928 230 990 24.
274 925 312 985 Et
334 925 449 986 amodo
470 925 589 985 nullum
611 943 810 986 sarracenum
832 923 863 983 in
886 941 991 982 meum
1014 921 1067 983 uel
1087 921 1186 1002 populi

97 1047 133 1089 ac
154 1035 257 1088 terrae
280 1045 368 1086 mcae
391 1025 578 1087 adiutorium
598 1045 654 1088 seu
677 1025 842 1086 amicitiam
863 1025 983 1086 habere
1005 1023 1186 1103 quaerimus,

96 1138 161 1190 tam
184 1129 222 1188 de
244 1127 306 1199 his,
337 1128 388 1207 qui
414 1127 445 1187 in
473 1128 558 1188 omni
584 1128 744 1207 prouincia
770 1126 977 1188 beneuentani
1001 1124 1186 1204 principatus

98 1238 177 1302 sunt,
201 1248 294 1310 quam
311 1238 339 1290 et
357 1229 485 1298 de'illis,
509 1230 561 1309 qui
584 1237 671 1290 extra
694 1247 818 1289 omnem
840 1230 1095 1288 beneuentanam
1115 1246 1187 1307 pro-

97 1331 229 1395 uinciam
257 1338 343 1403 sunt;
372 1338 402 1390 et
427 1349 586 1410 nunquam
616 1350 670 1392 cos
698 1337 806 1390 contra
833 1349 891 1391 uos
917 1329 1044 1391 irritans
1072 1328 1188 1389 irritare

97 1433 223 1503 faciam,
255 1440 285 1492 et
314 1431 430 1491 nullum
453 1432 496 1493 cis
528 1432 714 1493 adiutorium
740 1432 918 1511 impendam
940 1431 991 1492 uel
1012 1431 1189 1510 impendere

98 1534 228 1607 faciam;
252 1540 281 1592 et
303 1533 459 1592 adiuuabo
475 1552 532 1594 uos
548 1535 667 1613 absque
683 1533 767 1593 omni
789 1533 902 1596 iniusta
925 1532 1075 1594 dilatione
1098 1550 1190 1611 usque

100 1636 140 1696 ad
171 1652 325 1695 summam
355 1633 512 1706 uirtutem,
549 1635 628 1695 sicut
654 1635 763 1696 melius
793 1640 942 1712 potuero,
976 1652 1047 1693 cum
1078 1632 1214 1712 populo'

101 1755 189 1796 meae
215 1735 326 1814 partis,
356 1742 389 1794 ut
410 1735 526 1814 pariter
548 1735 739 1814 expellamus
762 1736 801 1795 de
821 1737 882 1798 ista
903 1734 1066 1814 prouincia
1089 1741 1190 1795 nostra

99 1854 209 1899 omnes
237 1855 420 1898 sarracenos
452 1837 745 1916 quomodocumque
774 1837 981 1915 potuerimus;
1012 1844 1043 1897 et
1070 1835 1190 1906 amodo,

100 1945 134 2000 ut
154 1939 268 2000 dictum
291 1924 488 2009 est,'nullum
511 1957 709 1999 sarracenum
730 1939 878 2018 recipiam
893 1938 943 1999 uel
964 1937 1106 2016 recipere
1120 1955 1191 2016 per-

100 2041 230 2113 mittam,
252 2048 379 2126 praeter
400 2039 470 2100 illos
486 2040 539 2120 qui
561 2040 752 2119 temporibus
776 2041 880 2100 domni
903 2039 1016 2101 siconis
1034 2046 1065 2100 ct
1086 2038 1192 2100 sicardi

99 2143 223 2203 fuerunt
244 2140 409 2213 christiani,
429 2142 458 2202 si
481 2142 661 2221 magarizati
682 2161 744 2202 non
768 2149 848 2204 sunt.
890 2142 928 2204 Et
949 2140 1190 2222 praesentaliter,

102 2251 268 2323 antequam
292 2245 423 2304 domnus
445 2242 606 2304 ludouicus
629 2261 684 2302 rex
707 2262 778 2303 cum
800 2264 857 2305 suo
886 2243 1020 2303 exercitu
1044 2250 1136 2303 exeat
1157 2242 1192 2301 de

101 2345 160 2407 ista
181 2351 275 2416 terra,
299 2345 339 2403 do
361 2344 392 2404 in
414 2351 552 2405 uestram
575 2352 763 2424 potestatem
784 2345 992 2424 gastaldatum
1016 2343 1193 2405 montellam

103 2465 172 2506 cum
195 2447 337 2507 omnibus
361 2444 493 2529 castellis
517 2445 581 2508 eius
601 2453 631 2507 et
653 2445 788 2506 medium
811 2445 1016 2525 gastaldatum
1041 2442 1195 2506 acerenti-

102 2567 185 2621 num,
213 2550 289 2610 sicut
312 2565 405 2627 supra
428 2546 542 2607 dictum
565 2555 620 2619 est,
644 2548 670 2608 si
692 2547 754 2607 ullo
777 2548 966 2608 ualuerimus
988 2546 1124 2626 ingenio.

187 2680 237 2741 25.
280 2676 325 2736 lta
348 2682 379 2735 et
400 2676 515 2735 amodo
532 2683 562 2735 et
582 2676 698 2736 nullam
719 2676 890 2738 laesionem
912 2676 1064 2738 faciamus
1089 2695 1147 2756 ego
1167 2681 1195 2734 et

102 2778 236 2858 populus
274 2796 361 2838 meus
394 2777 434 2836 ad
469 2777 570 2856 ipsum
606 2777 756 2856 populum
789 2786 819 2838 et
854 2787 971 2840 terram
1008 2796 1193 2857 omnemque

102 2879 280 2952 facultatem
303 2897 420 2947 eorum,
448 2884 596 2956 quantum
619 2879 729 2939 exinde
752 2880 845 2941 debet
865 2881 973 2941 uenire
995 2880 1035 2941 ad
1057 2888 1193 2941 uestram

101 2981 277 3062 portionem
299 2998 357 3058 per
378 2997 480 3038 meam
503 2979 702 3044 uoluntatem.
735 2981 773 3041 Et
795 2981 910 3055 amodo
926 2981 965 3040 de
987 2981 1194 3061 gastaldatum

102 3082 251 3144 montella
267 3089 297 3142 et
312 3080 414 3140 medio
430 3080 607 3160 gastaldatu
622 3082 810 3154 acerentino,
835 3101 895 3162 qua
910 3091 999 3162 parte
1016 3084 1193 3144 coniunctus

103 3194 150 3246 est
173 3203 242 3244 curn
264 3183 410 3244 latiniano
434 3189 464 3243 et
486 3183 656 3256 consciam,
685 3203 855 3264 numquam
881 3184 1042 3245 hominem
1069 3186 1194 3265 recipio,

102 3305 204 3366 neque
230 3284 301 3345 illuc
323 3304 381 3366 ego
409 3285 569 3344 hominem
591 3304 649 3364 pro
670 3292 723 3346 tuo
751 3286 865 3347 damno
894 3286 1040 3366 dirigam,
1070 3295 1195 3366 praeter

103 3406 173 3448 cum
194 3394 298 3449 uestra
320 3387 479 3448 uoluntate
500 3405 558 3465 pro
581 3395 685 3448 uestra
709 3386 900 3460 saluatione,
926 3396 960 3448 ut
985 3388 1044 3467 ipsi
1066 3389 1195 3449 redeant

103 3489 142 3550 ad
164 3488 261 3550 fidem
277 3496 307 3548 et
327 3495 514 3567 potestatem
535 3495 680 3559 uestram,
705 3496 735 3549 et
750 3488 775 3549 si
791 3489 902 3549 exinde
916 3488 1019 3551 babeo
1042 3489 1194 3561 homines,

101 3591 201 3651 reddo
224 3609 289 3652 eos.

187 3731 237 3794 26,
280 3727 366 3788 Haec
389 3729 493 3788 omnia
515 3728 605 3788 uobis
628 3728 737 3808 quibus
761 3746 868 3807 supra,
899 3729 1043 3809 siginolfo
1065 3730 1198 3811 principi

103 3837 134 3893 et
155 3830 184 3892 ei
206 3830 258 3910 qui
280 3848 336 3908 per
363 3837 448 3891 tuam
475 3829 668 3891 uoluntatem
689 3831 720 3890 in
747 3829 872 3891 salerno
902 3831 1025 3893 ciuitate
1051 3831 1193 3911 princeps

101 3932 194 3994 fuerit
216 3932 346 4002 electus,
381 3939 411 3992 et
439 3926 609 3993 obseruare
636 3931 748 3992 seciam
771 3951 828 4012 ego
855 3933 1028 4014 radelgisus
1051 3933 1193 4014 princeps

103 4036 222 4114 absque
246 4034 329 4093 omni
351 4033 461 4095 fraude
484 4034 534 4095 uel
555 4034 637 4095 malo
659 4034 783 4116 ingenio
805 4035 856 4097 uel
879 4055 1076 4116 quocumque
1097 4055 1195 4116 argu-

102 4144 208 4196 mento
231 4135 403 4198 occasionis
426 4154 481 4197 seu
504 4128 711 4216 disruptionis.
