2574 4710
92 353 152 418 rac
193 350 429 415 leTPRANDI
446 349 687 414 incussum
707 351 792 438 xxi.
815 350 897 418 cuc.
920 351 1003 418 sac·
1018 353 1091 420 131.

96 536 196 598 carnis
228 534 481 608 comixtiunem“,
515 542 545 596 et
575 535 671 598 talem
699 535 814 597 malum
851 535 968 599 iactum
998 534 1112 612 inerit,
1152 541 1184 596 et

96 656 222 700 cansam
243 643 422 717 pronatum,
445 637 529 717 quod
551 657 609 718 per
628 637 730 718 ipsum
751 636 895 700 maritum
916 637 1032 699 iactum
1054 636 1110 699 sits
1138 636 1180 698 ita

97 739 276 813 statuimus,
298 747 332 800 ut
349 738 403 801 illa
425 738 549 813 mulier,
571 739 623 820 qui
643 738 705 801 hcc
727 737 971 804 malnmiecerit
991 745 1022 800 et
1044 756 1184 802 consen-

98 842 187 915 serit,
207 841 359 902 moriatur
373 842 541 903 secundum
563 840 750 903 anteriorem
764 839 865 903 edicto
887 840 987 926 [coci.
1003 839 1093 925 212],
1109 841 1180 922 quia

55 966 58 970 ·
96 943 191 1005 talem
208 961 338 1005 causam
358 962 416 1004 nec
435 943 539 1005 iacere
554 943 660 1004 debuit
677 961 736 1003 nec
756 942 866 1004 celare.
899 941 981 1014 Quia
1001 943 1029 1006 si
1049 942 1098 1005 uir
1116 943 1182 1007 eius

98 1063 171 1106 cunr
189 1044 333 1105 ancillam
355 1063 444 1107 suam
466 1051 519 1106 aut
540 1063 608 1105 cum
627 1043 687 1105 alia
708 1043 821 1105 femina
837 1043 1049 1122 adulterassit,
1071 1045 1182 1106 mulier

97 1146 167 1226 ipsa
202 1147 242 1207 ad
273 1145 422 1226 palatium
454 1155 485 1209 et
516 1146 555 1207 ad
586 1145 694 1227 iudicis
716 1145 829 1207 babuit
855 1146 1067 1226 proclamare:
1110 1145 1180 1208 idco

97 1255 201 1312 tacere
214 1247 276 1308 hnc
289 1266 488 1329 nequaquam
503 1247 620 1320 debuit,
644 1248 768 1328 qnamu
783 1247 812 1308 ei
825 1247 926 1327 prime
940 1248 1044 1310 iuerat
1058 1247 1178 1313 dictum.

98 1351 275 1430 Propterea,
297 1357 331 1409 ut
352 1349 497 1423 diximus,
525 1347 675 1410 moriatur
695 1350 864 1411 secuudum
885 1351 1074 1413 anteriorem
1095 1350 1182 1413 edicti

86 1451 223 1532 pagina.
270 1449 325 1510 llic
352 1453 525 1513 autemuir
547 1449 628 1520 eius,
662 1449 713 1529 qui
741 1449 769 1510 ei
795 1457 860 1513 tam
887 1453 1003 1516 malam
1030 1452 1177 1515 licentiam

101 1552 185 1613 dedit
216 1558 269 1614 aut
300 1552 387 1613 alteri
418 1552 544 1614 homeni
576 1549 670 1625 dixit,
707 1557 737 1612 et
768 1554 984 1617 auctoritatem
1015 1554 1123 1618 tribuit
1151 1555 1179 1616 iu

101 1652 260 1714 mulierem
287 1673 376 1715 suam
403 1654 496 1716 telem
530 1653 645 1714 malum
672 1655 928 1732 perpetrandum,
960 1664 1120 1738 conponat
1143 1659 1177 1718 ad

101 1755 239 1836 parentis
270 1754 366 1835 ipsius
398 1755 532 1818 mulieris
564 1772 659 1826 suae,
690 1762 849 1836 tamquam
882 1758 908 1820 si
937 1757 969 1819 in
1002 1757 1178 1820 scandalum

102 1856 205 1919 occisa
224 1856 324 1921 fuissit
347 1857 446 1942 [soth.
469 1856 557 1941 378],
584 1857 655 1936 quia
677 1856 796 1936 etipsa
817 1877 856 1919 ex
876 1860 1011 1939 peccatis
1033 1859 1064 1920 iu
1087 1879 1178 1923 scan-

103 1958 207 2020 dalum
228 1977 390 2022 cucurrere
412 1959 479 2021 nisa
499 1966 560 2032 est,
588 1958 714 2039 quando
737 1959 859 2021 adhoc
886 1961 1001 2023 malum
1021 1961 1179 2042 penitrau-

91 2062 176 2123 ,dum
212 2061 359 2136 accessit;
396 2060 468 2140 quia
498 2061 529 2148 in
563 2061 713 2122 maiorem
749 2062 927 2123 scandalum
960 2080 1087 2124 currere
1122 2082 1177 2124 ncu

102 2162 213 2244 putuit,
243 2163 368 2243 wando
390 2181 425 2224 se
446 2163 486 2224 ad
509 2170 640 2224 mortem
660 2164 763 2229 traxit.
805 2163 894 2237 ldcc,
916 2173 950 2226 nt
969 2165 1178 2245 premisemus,

103 2272 260 2345 conponat
280 2263 420 2344 nuirigild
443 2263 520 2337 eius,
543 2263 620 2326 sicut
640 2285 734 2345 supra
755 2264 926 2327 statuimus.
966 2266 1006 2328 Et
1027 2286 1080 2328 res
1101 2267 1177 2328 eius·

104 2367 175 2428 dem
197 2366 347 2438 mulieris,
381 2364 407 2426 si
427 2363 508 2426 filius
535 2365 692 2439 habuerit,
725 2367 784 2446 ipsi
813 2364 967 2442 habeant;
1004 2375 1036 2429 et
1056 2368 1084 2429 si
1104 2367 1180 2430 filiis

103 2489 167 2530 non
181 2469 338 2541 habuerit,
360 2474 534 2529 reuertatur
556 2468 595 2527 ad
610 2468 746 2547 parentis
760 2468 856 2548 ipsius
872 2468 1022 2546 mulieris3
1045 2489 1085 2531 eo
1103 2469 1182 2551 qnod

103 2571 267 2644 credimus,
289 2570 372 2650 quud
387 2570 481 2631 talem
495 2569 609 2630 malum
629 2568 701 2629 iden
717 2577 827 2650 querat
847 2570 941 2633 miser
953 2562 1052 2633 benc
1073 2572 1184 2642 iacere,

104 2677 138 2733 ut
157 2671 258 2751 ipsam
279 2671 440 2732 mulierem
460 2671 573 2751 perdat
597 2677 629 2732 et
647 2685 706 2732 'res
734 2671 798 2734 eius
825 2672 950 2738 habeat.
972 2663 975 2667 ’
998 2671 1054 2734 Ille
1082 2681 1183 2734 autem

104 2774 216 2845 homo,
250 2773 301 2852 qui
328 2771 430 2850 ipsam
458 2770 617 2832 mulierem
644 2771 776 2834 alienam
803 2774 1039 2847 adulterauerit,
1072 2794 1186 2856 quam-

106 2894 200 2955 quam
227 2893 296 2935 cum
324 2873 381 2935 uiri
409 2873 474 2935 eius
503 2873 680 2947 consilium,
712 2873 769 2936 fiat
794 2875 923 2939 unditus
948 2875 981 2936 in
1007 2895 1118 2938 manus
1146 2876 1184 2937 ad

104 2977 246 3057 parentis
273 2975 370 3056 ipsius
398 2974 549 3049 mulieris,
578 2995 652 3037 nam
680 2995 742 3037 nen
772 2976 802 3037 in
830 2996 923 3038 manu
951 2976 1010 3056 uiri
1039 2977 1102 3052 sni,
1136 2977 1188 3058 qui

104 3076 334 3140 talem³malum
363 3077 518 3140 consensit
539 3077 589 3139 uel
611 3077 770 3140 consilium
798 3077 951 3140 inlecitum
974 3078 1067 3145 dedit,
1110 3078 1187 3140 ltem

105 3180 144 3240 de
166 3198 292 3242 causam
310 3179 418 3256 istam,
442 3198 522 3260 quae
544 3199 639 3260 supra
659 3172 880 3260 premisemus,
902 3180 930 3242 si
950 3179 1114 3242 consilinm
1135 3188 1189 3242 aut

102 3281 256 3344 licentiam
286 3282 356 3344 data
377 3281 469 3343 fuerit
489 3282 529 3343 ad
557 3281 732 3354 mulierem,
760 3281 877 3361 etipsa
905 3301 968 3344 nnn
995 3281 1190 3344 consenserit

105 3391 136 3445 et
156 3384 408 3446 manciestauerit
428 3403 554 3446 causam
575 3383 693 3464 ipsam,
721 3391 752 3445 et
783 3383 884 3464 ipsam
914 3402 1044 3464 operam
1072 3383 1188 3446 malam

104 3486 186 3547 facta
207 3505 269 3547 nun
290 3485 396 3547 inerit:
426 3493 498 3549 tunc
517 3486 585 3566 ipse
606 3485 655 3546 uir
675 3487 757 3559 eius,
788 3485 890 3566 quiei
916 3485 1010 3547 talem
1031 3485 1191 3549 licentiam

105 3594 136 3647 et
157 3586 317 3648 consilium
339 3587 470 3660 dederit,
493 3593 649 3666 conponat
663 3587 740 3648 sicut
753 3595 845 3649 antea
865 3587 896 3648 in
916 3587 1050 3649 edictum
1071 3587 1189 3650 adfixi-

105 3706 190 3761 mus,
212 3689 369 3768 quomodo
385 3689 438 3769 qui
459 3689 510 3751 alii
532 3689 647 3751 malum
669 3689 829 3750 consilium
844 3689 898 3750 dat
919 3686 1048 3774 [Liutp'r.
1064 3689 1134 3774 72],
1157 3691 1189 3751 id

105 3795 152 3852 est
184 3789 301 3853 solidus
330 3791 566 3872 quinquaginta,
595 3790 665 3871 quia
694 3790 796 3851 adhuc
822 3790 921 3853 maior
951 3790 1100 3853 malitiam
1131 3800 1192 3866 est,

104 3891 230 3971 quando
251 3891 347 3954 humo
370 3892 410 3953 ad
431 3893 590 3955 mulierem
612 3911 701 3955 suam
721 3892 876 3953 inlecitum
891 3892 1051 3955 consilium
1073 3892 1194 3966 tribuit,

104 4011 198 4072 quam
220 3993 246 4056 si
269 3995 308 4056 ad
332 3995 461 4056 alterum
482 3995 640 4057 hominem
662 3994 779 4057 malum
801 3995 960 4057 consilium
982 3994 1122 4060 dedissit.

188 4096 258 4161 131.
279 4095 315 4161 ΙΙ.
359 4096 390 4157 Si
412 4097 479 4177 quis
494 4095 735 4160 comendauerit
753 4114 804 4158 res
828 4115 900 4159 suas
921 4095 953 4156 in
968 4088 1191 4177 cuiuscumque

103 4214 208 4260 casam
237 4198 276 4258 de
302 4197 486 4262 conlibertos
509 4220 601 4276 suos,
633 4197 731 4261 bbere
758 4197 932 4274 hominem,
965 4205 997 4259 et
1016 4197 1191 4279 contugerit
