2574 4710
148 360 208 425 198
432 353 558 417 LEGES
579 354 949 421 LANGOBARDORVM.

148 541 342 615 satisfacere,
370 540 481 601 reddat
503 558 569 605 eos.
611 539 650 601 Et
673 540 698 601 si
720 537 904 602 satisfecerit
927 546 958 600 et
978 545 1091 618 postea
1115 556 1170 600 eos
1191 537 1239 598 in-

147 643 254 704 uenire
283 641 431 722 potuerit,
466 640 606 703 similiter
635 641 763 715 reddat;
798 648 829 701 et
858 641 883 703 si
911 648 985 721 post
1013 647 1238 702 sacramentum

147 744 233 824 pacis
254 744 388 824 fugerint
410 744 449 803 de
470 749 555 804 terra
576 750 681 804 uestra
696 741 726 801 in
742 740 858 804 uicinas
875 761 998 805 marcas
1014 751 1069 804 aut
1084 741 1115 802 in
1131 750 1239 802 terram

147 853 274 908 nostrae
295 845 476 924 potestatis,
502 844 669 906 reddemus
692 861 747 904 eos
770 844 871 915 uobis,
899 843 925 905 si
946 843 1006 905 illio
1028 842 1163 905 inueniri
1183 862 1238 922 po-

147 947 259 1009 tuerint
281 955 312 1009 et
332 967 390 1010 nos
413 947 606 1027 potuerimus
628 945 695 1008 sine
717 946 849 1020 damno;
872 945 943 1006 etsi
959 964 1017 1026 ego
1040 964 1097 1007 eos
1120 945 1238 1007 recolli-

147 1069 221 1130 gere
249 1068 313 1110 non
338 1055 471 1127 potuero
502 1049 541 1109 ad
571 1046 749 1127 praedictos
782 1046 883 1122 locos,
916 1046 1007 1108 liceat
1038 1066 1098 1127 per
1130 1057 1237 1109 terram

148 1171 252 1212 meam
266 1151 312 1211 ire
325 1149 406 1221 illuc,
429 1158 463 1211 ut
478 1157 532 1211 aut
545 1167 602 1229 per
617 1148 865 1228 pignerationem
882 1156 934 1209 aut
950 1149 1238 1228 quomodocumque

148 1252 279 1314 ueniatis
302 1252 413 1312 exinde
435 1252 475 1313 ad
497 1252 623 1331 plenam
644 1250 801 1314 iustitiam.

235 1357 283 1419 17.
327 1353 471 1414 Similiter
493 1353 519 1414 si
541 1351 713 1432 potueritis,
735 1351 884 1413 faciemus
908 1352 994 1412 etde
1015 1350 1075 1413 illis
1100 1351 1155 1430 qui
1177 1359 1238 1411 ante

147 1456 233 1535 pacis
271 1460 501 1517 sacramentum
537 1454 567 1514 in
603 1455 743 1534 predicta
780 1453 849 1514 loca
884 1453 1038 1533 fugerunt.
1071 1450 1188 1524 Quod
1217 1453 1239 1514 si

148 1557 284 1636 suspicio
305 1556 408 1629 bresit,
437 1563 470 1617 ut
490 1574 548 1634 per
576 1574 764 1617 consensum
794 1540 1035 1616 marchanorum
1065 1563 1238 1616 nostrornm

149 1677 206 1737 per
228 1666 351 1719 nostras
374 1675 497 1718 marcas
521 1664 609 1717 extra
630 1663 748 1717 terram
769 1664 910 1718 nostram
927 1652 1082 1727 'exierint
1113 1653 1239 1717 satisfiat
1266 1659 1270 1666 ’

151 1761 189 1818 ab
211 1758 286 1837 ipsis
316 1757 479 1819 marcenis.
522 1757 561 1817 Et
582 1757 608 1818 si
629 1776 702 1829 non,
730 1766 783 1819 331
810 1759 980 1819 reddantur
1002 1761 1040 1819 ab
1065 1758 1121 1831 eis,
1149 1763 1201 1818 331
1218 1756 1239 1818 si

147 1844 235 1921 nullo
266 1860 361 1920 modo
389 1859 520 1938 inueniri
548 1858 721 1938 potuerint,
757 1860 928 1921 reddantur
960 1859 1093 1940 ferquidi
1130 1877 1237 1922 eorum.

149 1963 277 2023 Praeter
291 1960 317 2023 si
333 1959 443 2040 aliquis
459 1978 568 2022 eorum
588 1979 678 2021 suam
699 1960 832 2022 uoluerit
853 1963 1041 2023 contendere
1063 1961 1238 2032 libertatem,

150 2062 265 2124 habeat
288 2062 399 2124 exinde
419 2061 566 2127 iudicium
589 2063 760 2123 secundum
781 2063 891 2144 legem.
935 2059 937 2064 ’

237 2165 284 2229 18.
328 2164 367 2225 Ε1
388 2183 497 2225 omnes
519 2162 677 2237 homines,
706 2164 758 2244 qui
780 2166 837 2226 sub
860 2150 912 2226 tua
933 2173 1089 2244 potestate
1112 2171 1240 2238 3331,οῑ

152 2283 350 2346 quocumque
377 2266 472 2327 modo
498 2266 617 2327 habent
642 2266 802 2345 praedicta
831 2267 1001 2328 munimina
1030 2286 1087 2328 sua
1117 2265 1239 2346 perdita,

151 2367 178 2428 si
201 2366 356 2430 contentio
378 2366 470 2429 fuerit
485 2367 524 2427 de
546 2369 639 2428 rebus
659 2374 712 2428 aut
734 2368 832 2429 seruis
848 2374 901 2428 aut
923 2368 1040 2431 ancillis
1065 2387 1121 2430 seu
1145 2366 1240 2428 aldio-

108 2522 112 2527 .
154 2468 244 2530 nibus
274 2487 397 2540 eorum,
435 2468 462 2530 si
489 2477 542 2531 331
568 2487 625 2548 per
655 2468 919 2548 consignationem
950 2479 1002 2533 aut
1030 2489 1088 2550 per
1113 2487 1241 2550 pugnam

151 2571 329 2650 adprobare
352 2570 516 2649 potuerint,
540 2571 624 2651 quod
647 2590 747 2651 usquc
766 2572 806 2631 ad
828 2572 931 2650 ipsum
954 2580 1076 2652 tempus
1093 2590 1157 2651 quo
1172 2573 1241 2630 bar-

152 2672 291 2732 baricum
318 2679 459 2733 exortum
488 2679 535 2734 est
562 2671 641 2732 inter
668 2692 726 2733 nos
750 2681 780 2734 et
807 2692 881 2746 uos,
911 2673 942 2733 in
973 2693 1029 2735 sua
1058 2672 1242 2753 proprietate

153 2772 292 2852 legaliter
320 2774 462 2852 iusteque
490 2773 656 2834 habuerint
686 2773 752 2846 illa,
789 2774 855 2836 sine
888 2775 1107 2854 cuiuscumque
1138 2774 1242 2835 iniusta

154 2873 395 2935 contradictione
417 2873 556 2935 habeant
577 2893 615 2934 ea
636 2860 771 2940 inantea.
848 2874 851 2880 ’

239 2977 288 3040 19.
330 2975 376 3035 De
397 2975 484 3036 nullo
507 2975 674 3036 homicidio
698 2976 748 3036 nel
772 2979 891 3058 praeda
914 2986 1007 3059 atque
1029 2977 1098 3038 zala
1121 2996 1177 3038 seu
1197 2977 1243 3036 in-

153 3076 269 3138 cendiis
292 3076 456 3138 retroactis
471 3075 528 3137 fiat
550 3077 655 3157 aliqua
677 3079 837 3159 requisitio
854 3081 904 3141 uel
927 3079 1061 3141 uindicta
1075 3099 1133 3158 per
1148 3096 1244 3138 meam

153 3179 362 3254 uoluntatem;
394 3187 424 3240 et
451 3179 476 3242 si
507 3180 626 3259 absque
655 3200 725 3242 mea
758 3181 918 3243 uoluntate
950 3182 1042 3243 fuerit
1069 3182 1141 3242 inde
1168 3181 1244 3242 facta

153 3280 298 3353 uindicta,
332 3272 473 3341 dabimus
505 3279 591 3340 illum
624 3281 784 3343 hominem
816 3278 847 3342 ln
880 3291 1036 3362 potestate
1069 3274 1186 3355 uestra,
1216 3289 1244 3342 ut

153 3381 275 3444 faciatis
298 3383 337 3442 de
359 3400 397 3442 eo
425 3382 643 3462 quodcumque
671 3384 846 3458 uolueritis;
874 3393 904 3446 et
930 3386 956 3446 si
983 3386 1119 3463 suspicio
1149 3385 1243 3455 fuerit,

156 3484 239 3562 quod
260 3501 318 3563 per
343 3502 445 3544 meam
471 3483 663 3545 uoluntatem
691 3485 802 3548 fuisset
828 3486 925 3558 facta,
955 3487 1146 3553 satisfaciant
1175 3485 1244 3547 illud

154 3592 217 3645 tres
239 3602 405 3664 personae,
427 3584 519 3665 quale
534 3604 591 3647 uos
616 3587 808 3666 quaesieritis
825 3607 843 3648 a
863 3607 933 3648 mea
954 3592 1053 3668 parte,
1077 3597 1108 3650 et
1128 3588 1244 3650 tradam

154 3685 241 3764 ipsos
263 3685 435 3748 homicidas
457 3686 488 3747 in
510 3694 698 3766 potestatem
725 3697 861 3751 nestram
885 3691 924 3750 ad
946 3691 1123 3753 faciendum
1145 3693 1184 3752 de
1206 3691 1244 3752 eis

157 3788 373 3868 quodcumque
395 3789 566 3853 uolueritis

239 3891 290 3955 20.
334 3889 366 3950 Si
398 3909 474 3950 uero
509 3891 624 3951 amodo
657 3891 842 3971 quicumque
874 3893 1016 3957 homines
1048 3894 1245 3956 homicidium

156 3988 264 4050 fecerit
286 4010 305 4052 a
327 3999 415 4070 parte
436 3999 546 4053 nostra
568 3992 599 4052 in
621 4001 739 4065 uestra,
772 4002 801 4056 et
823 3995 851 4056 si
871 3995 1005 4074 suspicio
1027 3996 1132 4068 fuerit,
1166 3995 1244 4076 quod

157 4109 214 4170 per
235 4092 394 4153 consilium
418 4112 474 4154 seu
496 4093 662 4154 colludium
684 4094 776 4155 fuerit
796 4095 911 4158 factum
931 4117 987 4177 per
1009 4116 1112 4159 meam
1135 4099 1245 4159 uolun-

156 4201 253 4254 tatem
275 4195 314 4255 ad
336 4201 473 4255 uestram
497 4195 748 4257 contrarietatem
770 4197 820 4258 uel
842 4199 1071 4272 damnietatem,
1095 4200 1133 4260 de
1155 4199 1245 4260 nobi-
