2574 4710
144 342 184 404 50
359 333 525 398 EDICTVS
546 333 724 396 ROTHARI
747 334 830 402 GAP.
852 335 1030 401 240-248.

233 523 304 587 240.
348 520 395 580 De
416 520 527 581 snaida
547 518 579 579 in
601 519 680 581 silua
702 519 827 581 alterius
849 518 942 586 facta.
986 519 1017 580 Si
1033 519 1102 600 quis
1118 529 1237 601 propter

148 626 267 696 intento
291 621 494 702 signarem,
516 621 548 681 id
571 628 619 691 est
636 621 777 683 ticlatura
793 629 847 683 aut
868 620 988 695 snaida,
1010 621 1043 682 in
1064 620 1142 685 silua
1164 623 1237 685 alte-

150 727 213 789 rius
240 723 363 796 fecerit,
397 730 428 785 et
458 742 547 784 suam
575 743 638 784 non
668 723 904 804 adprobauerit,
937 732 1097 803 conponat
1128 725 1235 788 solidos

152 829 375 910 quadragenta,
398 807 597 885 medietatem
612 824 677 906 regi
694 832 724 886 et
739 824 936 887 medietatem
952 824 1036 888 cuius
1052 825 1132 888 silua
1146 827 1232 893 luerit.

236 930 308 995 241.
350 928 397 987 De
426 945 520 988 seruo
554 925 607 1007 qui
642 927 752 989 snaida
783 927 899 992 fecerit
954 926 987 987 Si
1019 947 1129 991 seruus
1160 937 1235 992 extra

152 1031 323 1094 iussionem
353 1027 471 1089 domini
500 1027 548 1090 sui
578 1028 719 1091 ticlatura
754 1037 807 1090 aut
839 1028 948 1090 snaida
976 1029 1093 1101 fecerit,
1111 1028 1141 1090 in
1168 1030 1231 1093 silua

154 1134 288 1207 alterius,
311 1151 422 1192 manus
445 1131 473 1190 ei
494 1129 656 1195 incidatur.
703 1130 790 1192 Etsi
812 1150 881 1191 cum
903 1131 1041 1194 iussione
1062 1131 1178 1193 domini
1196 1133 1232 1195 sui

153 1235 269 1306 lecerit,
292 1232 409 1293 domini
432 1239 592 1311 repetetur
614 1231 712 1312 culpa,
734 1240 767 1293 ut
789 1252 893 1312 supra.
1108 1308 1111 1312 ¹

239 1339 310 1402 242.
355 1334 387 1395 Si
410 1332 478 1413 quis
502 1333 568 1394 sine
588 1333 759 1395 iussionem
781 1334 862 1415 regis
879 1353 989 1395 aurum
1003 1333 1230 1415 figuraueritaut

156 1446 281 1500 moneta
303 1434 496 1509 continuerit,
520 1456 629 1498 manus
652 1437 681 1497 ei
701 1437 863 1503 incidatur.

240 1540 311 1604 243.
355 1537 401 1597 De
424 1537 542 1598 cartola
564 1537 655 1602 falsa.
695 1538 728 1598 Si
751 1538 819 1618 quis
842 1537 993 1600 cartolam
1014 1537 1128 1600 falsam
1150 1538 1230 1618 scrip·

157 1641 233 1703 serit
254 1648 308 1701 aut
329 1638 490 1719 quodlibet
512 1641 737 1712 membranum,
760 1660 871 1703 manus
894 1640 921 1700 ei
943 1639 1106 1706 incidatur.

240 1743 312 1806 244.
358 1740 390 1800 Si
418 1738 486 1820 quis
515 1759 573 1820 per
600 1760 721 1801 murum
750 1742 789 1802 de
822 1749 925 1804 castro
955 1749 1007 1803 aut
1034 1740 1157 1804 ciuitate
1182 1742 1234 1804 sine

156 1843 270 1905 noticia
297 1841 413 1903 iudecis
437 1841 484 1902 sui
506 1841 616 1903 exierit
635 1843 739 1919 foras,
770 1851 823 1905 aut
843 1843 1019 1914 intrauerit,
1048 1843 1075 1906 si
1096 1843 1172 1904 liber
1191 1851 1234 1915 est,

157 1946 196 2008 sit
217 1943 387 2024 culpabiles
409 1943 441 2004 in
463 1952 579 2005 curtem
602 1963 692 2026 reges
715 1945 833 2008 solidos
856 1945 984 2026 uigenti;
1011 1945 1038 2007 si
1059 1953 1162 2007 autem
1176 1945 1237 2006 hal-

157 2047 225 2109 dius
248 2054 301 2109 aut
328 2065 437 2108 seruus
464 2046 571 2118 fuerit,
601 2047 640 2108 sit
669 2047 837 2127 culpabiles
860 2046 940 2112 sold.
963 2046 1062 2107 decim
1083 2047 1116 2108 in
1137 2055 1238 2108 curtem

156 2168 256 2231 reges.
306 2148 345 2209 Et
375 2147 402 2208 si
429 2145 544 2208 furtum
572 2147 693 2224 iecerit,
725 2148 803 2210 sicut
831 2148 861 2208 in
891 2149 954 2209 hoc
981 2148 1115 2210 edictum
1144 2149 1240 2230 legitur

156 2250 239 2336 [cop.
262 2252 338 2317 253.
353 2300 360 2314 .
374 2247 472 2333 .263],
496 2269 600 2329 poena
621 2250 693 2311 furti
715 2258 882 2330 conponat.
1283 2232 1285 2241 ¹

239 2354 311 2418 245.
354 2352 401 2411 De
422 2350 686 2431 pignerationibus
708 2359 739 2413 et
761 2351 891 2416 deuitas.
935 2350 967 2412 Si
989 2350 1057 2431 quis
1080 2352 1242 2414 debitorem

156 2437 286 2526 habens,
310 2450 445 2533 appellet
467 2471 537 2513 eum
561 2453 657 2515 semel
679 2453 726 2516 bis
749 2460 780 2514 et
802 2471 901 2532 usque
923 2452 1030 2527 tertio;
1060 2460 1090 2514 et
1113 2453 1139 2516 si
1161 2455 1247 2516 debi-

156 2562 219 2616 tum
241 2573 305 2615 uon
327 2553 513 2628 reddederit,
534 2562 587 2616 aut
609 2575 672 2616 non
696 2555 905 2635 conposuerit,
926 2560 998 2616 tunc
1011 2555 1127 2616 debeat
1140 2555 1246 2636 pigne-

156 2675 228 2718 rare
248 2656 280 2715 in
302 2654 351 2716 his
373 2656 477 2727 rebus,
500 2654 611 2735 quibus
632 2655 798 2735 pignerare
819 2656 942 2717 lecitum
965 2663 1022 2722 est.

240 2759 312 2822 246,
357 2755 387 2815 Si
411 2756 479 2835 quis
502 2766 574 2818 aute
596 2757 854 2818 contestationem
876 2757 1096 2838 pigneraberit.
1134 2759 1166 2820 Si
1188 2759 1251 2840 quis

158 2857 252 2921 alium
279 2876 338 2937 pro
369 2856 506 2936 quolibet
540 2859 677 2920 debitum
714 2867 767 2920 aut
800 2878 927 2921 causam
962 2859 1128 2940 pignerare
1156 2879 1253 2941 prae·

158 2958 339 3039 sumpserit,
372 2965 539 3038 autequam
565 2959 687 3020 tertium
716 2979 785 3020 eum
815 2950 997 3043 pulsauerit,
1027 2961 1139 3042 pignus
1171 2963 1254 3043 quod

157 3068 229 3124 ante
256 3060 513 3123 contestationem
540 3060 658 3139 tulerit,
692 3062 749 3125 sibi
776 3083 893 3124 nonum
921 3063 1071 3124 reformet
1099 3063 1131 3124 in
1159 3073 1254 3145 pote-

157 3171 268 3226 statem
291 3161 419 3226 domini.

240 3266 312 3330 247.
355 3263 436 3325 Nulli
456 3263 547 3325 leciat
568 3264 661 3326 alium
682 3287 741 3347 pro
764 3267 826 3328 alio
848 3267 1025 3347 pignerare,
1047 3276 1179 3349 excepto
1200 3268 1257 3331 illo

157 3367 209 3448 qui
231 3367 345 3448 gasand
368 3384 438 3429 esse
458 3366 627 3440 inuenitur,
653 3368 684 3429 id
708 3377 755 3431 est
777 3369 907 3430 coheres
934 3388 1048 3449 parens
1070 3371 1258 3450 proximior,

158 3469 209 3549 qui
230 3468 273 3528 illi
295 3470 334 3530 ad
356 3469 571 3548 hereditatem,
595 3471 621 3532 si
644 3489 734 3532 casus
757 3470 904 3544 coenent,
926 3477 1074 3534 uenturus
1097 3479 1153 3538 cst.

241 3570 313 3635 248.
357 3570 388 3632 si
411 3571 479 3650 quis
501 3591 557 3651 per
584 3590 722 3632 errorem
750 3571 843 3633 alium
868 3592 927 3653 pro
956 3573 1017 3635 alio
1043 3573 1256 3654 pignerauerit

157 3689 214 3750 per
236 3689 361 3731 seruum
384 3679 437 3733 aut
458 3659 610 3746 ancillam,
637 3673 680 3734 ita
703 3673 906 3748 decernimus,
928 3682 961 3736 ut
982 3681 1151 3756 postquam
1174 3696 1254 3756 cog-

157 3771 253 3846 nouit,
276 3773 359 3851 quod
382 3772 463 3834 male
484 3775 666 3856 pignerauit,
688 3795 761 3836 mox
782 3775 884 3856 ipsum
905 3777 1032 3857 pignum
1055 3777 1175 3842 relaxit
1215 3778 1256 3838 Et

159 3872 185 3934 si
206 3873 345 3951 pulsatus
367 3873 458 3937 fuerit
479 3877 622 3939 dominus
650 3876 747 3950 serui,
776 3885 847 3938 tunc
868 3886 997 3958 preueat
1022 3888 1256 3941 sacramentum

159 3973 232 4053 quia
252 3993 310 4053 per
331 3994 470 4038 errorem
491 3978 571 4052 fecit,
593 3997 666 4040 nam
688 3998 750 4040 non
773 3987 852 4052 asto,
876 3988 905 4042 et
925 3981 1063 4042 crededit
1078 3961 1252 4043 debitorem

158 4094 248 4137 suum
278 4076 483 4157 pignerassit;
518 4088 589 4141 tunc
615 4080 654 4143 sit
682 4080 867 4160 indempnis.
916 4082 996 4143 Nam
1019 4083 1044 4144 si
1066 4082 1175 4163 plagas
1199 4090 1255 4146 aut

152 4176 262 4239 feritas
278 4177 384 4239 lecerit
397 4179 427 4239 in
442 4180 544 4259 ipsum
559 4181 679 4261 pignus,
702 4191 859 4263 conponat
880 4183 958 4246 sicut
978 4184 1009 4244 in
1031 4184 1092 4244 hoc
1115 4184 1254 4246 edictum
