<?xml version="1.0" encoding="UTF-8"?>
<!DOCTYPE html PUBLIC "-//W3C//DTD XHTML 1.0 Transitional//EN"
    "http://www.w3.org/TR/xhtml1/DTD/xhtml1-transitional.dtd">
<html xmlns="http://www.w3.org/1999/xhtml" xml:lang="en" lang="en">
 <head>
  <title>
</title>
<meta http-equiv="Content-Type" content="text/html;charset=utf-8" />
  <meta name='ocr-system' content='tesseract 3.04.00' />
  <meta name='ocr-capabilities' content='ocr_page ocr_carea ocr_par ocr_line ocrx_word'/>
</head>
<body>
  <div class='ocr_page' id='page_1' title='image "./edictusceteraeq00bluhgoog_0157.png"; bbox 0 0 2574 4710; ppageno 0'>
   <div class='ocr_carea' id='block_1_1' title="bbox 156 327 1202 403">
    <p class='ocr_par' dir='ltr' id='par_1_1' title="bbox 156 327 1202 403">
     <span class='ocr_line' id='line_1_1' title="bbox 156 327 1202 403; baseline 0.005 -4"><span class='ocrx_word' id='word_1_1' title='bbox 156 327 397 399; x_wconf 70' lang='lat' dir='ltr'><strong>Hvrcanium</strong></span> <span class='ocrx_word' id='word_1_2' title='bbox 415 331 541 394; x_wconf 83' lang='lat' dir='ltr'>LEGES</span> <span class='ocrx_word' id='word_1_3' title='bbox 562 331 657 391; x_wconf 82' lang='lat' dir='ltr'>ANNI</span> <span class='ocrx_word' id='word_1_4' title='bbox 678 332 794 394; x_wconf 86' lang='lat' dir='ltr'><strong>xxtll.</strong></span> <span class='ocrx_word' id='word_1_5' title='bbox 816 332 899 395; x_wconf 78' lang='lat' dir='ltr'><strong>CAP.</strong></span> <span class='ocrx_word' id='word_1_6' title='bbox 924 335 1098 402; x_wconf 76' lang='lat' dir='ltr'><strong>tlt-15¹.</strong></span> <span class='ocrx_word' id='word_1_7' title='bbox 1144 339 1202 403; x_wconf 81' lang='lat'><strong>145</strong></span> 
     </span>
    </p>
   </div>
   <div class='ocr_carea' id='block_1_2' title="bbox 70 514 1202 4255">
    <p class='ocr_par' dir='ltr' id='par_1_2' title="bbox 96 514 1202 900">
     <span class='ocr_line' id='line_1_2' title="bbox 96 514 1201 599; baseline 0.003 -19"><span class='ocrx_word' id='word_1_8' title='bbox 96 514 223 580; x_wconf 83' lang='lat' dir='ltr'><strong>solidos</strong></span> <span class='ocrx_word' id='word_1_9' title='bbox 235 521 400 577; x_wconf 85' lang='lat' dir='ltr'><strong>centum-ut</strong></span> <span class='ocrx_word' id='word_1_10' title='bbox 411 534 523 595; x_wconf 89' lang='lat' dir='ltr'><strong>supra;</strong></span> <span class='ocrx_word' id='word_1_11' title='bbox 535 515 599 578; x_wconf 90' lang='lat' dir='ltr'><strong>etsi</strong></span> <span class='ocrx_word' id='word_1_12' title='bbox 607 515 711 579; x_wconf 92' lang='lat' dir='ltr'><strong>iurare</strong></span> <span class='ocrx_word' id='word_1_13' title='bbox 719 535 782 577; x_wconf 90' lang='lat' dir='ltr'><strong>non</strong></span> <span class='ocrx_word' id='word_1_14' title='bbox 791 517 1045 598; x_wconf 81' lang='lat' dir='ltr'><strong>praesumpserit,</strong></span> <span class='ocrx_word' id='word_1_15' title='bbox 1054 530 1201 599; x_wconf 88' lang='lat' dir='ltr'><strong>parentes</strong></span> 
     </span>
     <span class='ocr_line' id='line_1_3' title="bbox 99 616 1202 700; baseline 0.002 -20"><span class='ocrx_word' id='word_1_16' title='bbox 99 627 154 680; x_wconf 88' lang='lat' dir='ltr'><strong>aut</strong></span> <span class='ocrx_word' id='word_1_17' title='bbox 171 616 343 683; x_wconf 85' lang='lat' dir='ltr'><strong>mundoald</strong></span> <span class='ocrx_word' id='word_1_18' title='bbox 356 616 454 697; x_wconf 87' lang='lat' dir='ltr'><strong>ipsius</strong></span> <span class='ocrx_word' id='word_1_19' title='bbox 470 617 622 691; x_wconf 83' lang='lat' dir='ltr'><strong>feminae,</strong></span> <span class='ocrx_word' id='word_1_20' title='bbox 644 629 677 682; x_wconf 88' lang='lat' dir='ltr'><strong>ut</strong></span> <span class='ocrx_word' id='word_1_21' title='bbox 697 637 792 699; x_wconf 90' lang='lat' dir='ltr'><strong>snpra</strong></span> <span class='ocrx_word' id='word_1_22' title='bbox 808 618 1000 691; x_wconf 89' lang='lat' dir='ltr'><strong>dictumest,</strong></span> <span class='ocrx_word' id='word_1_23' title='bbox 1023 629 1202 700; x_wconf 86' lang='lat' dir='ltr'><strong>conponant</strong></span> 
     </span>
     <span class='ocr_line' id='line_1_4' title="bbox 98 718 1201 802; baseline 0.002 -20"><span class='ocrx_word' id='word_1_24' title='bbox 98 718 222 782; x_wconf 87' lang='lat' dir='ltr'><strong>solidos</strong></span> <span class='ocrx_word' id='word_1_25' title='bbox 244 737 301 781; x_wconf 82' lang='lat' dir='ltr'><strong>sex</strong></span> <span class='ocrx_word' id='word_1_26' title='bbox 320 737 384 798; x_wconf 33' lang='lat' dir='ltr'><strong>*pro</strong></span> <span class='ocrx_word' id='word_1_27' title='bbox 408 719 460 780; x_wconf 91' lang='lat' dir='ltr'><strong>uia</strong></span> <span class='ocrx_word' id='word_1_28' title='bbox 481 719 628 793; x_wconf 87' lang='lat' dir='ltr'><strong>indicata,</strong></span> <span class='ocrx_word' id='word_1_29' title='bbox 650 719 844 799; x_wconf 81' lang='lat' dir='ltr'><strong>sicutsupra</strong></span> <span class='ocrx_word' id='word_1_30' title='bbox 860 720 1008 794; x_wconf 79' lang='lat' dir='ltr'><strong>diximus,</strong></span> <span class='ocrx_word' id='word_1_31' title='bbox 1031 729 1062 782; x_wconf 85' lang='lat' dir='ltr'><strong>et</strong></span> <span class='ocrx_word' id='word_1_32' title='bbox 1083 721 1134 783; x_wconf 90' lang='lat' dir='ltr'><strong>ille</strong></span> <span class='ocrx_word' id='word_1_33' title='bbox 1149 723 1201 802; x_wconf 92' lang='lat' dir='ltr'><strong>qui</strong></span> 
     </span>
     <span class='ocr_line' id='line_1_5' title="bbox 98 802 995 900; baseline 0.002 -18"><span class='ocrx_word' id='word_1_34' title='bbox 98 819 339 900; x_wconf 86' lang='lat' dir='ltr'><strong>conprehensit‚</strong></span> <span class='ocrx_word' id='word_1_35' title='bbox 361 819 403 882; x_wconf 89' lang='lat' dir='ltr'><strong>sit</strong></span> <span class='ocrx_word' id='word_1_36' title='bbox 424 820 555 886; x_wconf 88' lang='lat' dir='ltr'><strong>solutus.</strong></span> <span class='ocrx_word' id='word_1_37' title='bbox 646 861 648 865; x_wconf 68' lang='lat'><strong>,</strong></span> <span class='ocrx_word' id='word_1_38' title='bbox 990 802 995 810; x_wconf 46' lang='lat'><strong><em>¹</em></strong></span> 
     </span>
    </p>

    <p class='ocr_par' dir='ltr' id='par_1_3' title="bbox 90 921 1200 1516">
     <span class='ocr_line' id='line_1_6' title="bbox 90 921 1200 1003; baseline -0.004 -15"><span class='ocrx_word' id='word_1_39' title='bbox 90 958 93 962; x_wconf 43' lang='grc'>’</span> <span class='ocrx_word' id='word_1_40' title='bbox 186 923 260 988; x_wconf 85' lang='grc'><strong>147.</strong></span> <span class='ocrx_word' id='word_1_41' title='bbox 281 921 319 987; x_wconf 86' lang='lat' dir='ltr'><strong>V.</strong></span> <span class='ocrx_word' id='word_1_42' title='bbox 365 921 397 984; x_wconf 90' lang='lat' dir='ltr'><strong>Si</strong></span> <span class='ocrx_word' id='word_1_43' title='bbox 420 922 641 1003; x_wconf 85' lang='lat' dir='ltr'><strong>cuiuscumque</strong></span> <span class='ocrx_word' id='word_1_44' title='bbox 662 944 773 986; x_wconf 87' lang='lat' dir='ltr'><strong>seruos</strong></span> <span class='ocrx_word' id='word_1_45' title='bbox 796 921 1000 995; x_wconf 87' lang='lat' dir='ltr'><strong>antholdius,</strong></span> <span class='ocrx_word' id='word_1_46' title='bbox 1024 924 1135 987; x_wconf 83' lang='lat' dir='ltr'><strong>ancilla</strong></span> <span class='ocrx_word' id='word_1_47' title='bbox 1150 925 1200 987; x_wconf 89' lang='lat' dir='ltr'><strong>uel</strong></span> 
     </span>
     <span class='ocr_line' id='line_1_7' title="bbox 98 1023 1198 1105; baseline 0 -20"><span class='ocrx_word' id='word_1_48' title='bbox 98 1023 207 1087; x_wconf 72' lang='lat' dir='ltr'><strong>beldin</strong></span> <span class='ocrx_word' id='word_1_49' title='bbox 229 1023 261 1085; x_wconf 92' lang='lat' dir='ltr'><strong>in</strong></span> <span class='ocrx_word' id='word_1_50' title='bbox 282 1023 368 1085; x_wconf 83' lang='lat' dir='ltr'><strong>furto</strong></span> <span class='ocrx_word' id='word_1_51' title='bbox 389 1024 589 1104; x_wconf 86' lang='lat' dir='ltr'><strong>conprehinsi</strong></span> <span class='ocrx_word' id='word_1_52' title='bbox 609 1024 731 1098; x_wconf 80' lang='lat' dir='ltr'><strong>lrrcrint,</strong></span> <span class='ocrx_word' id='word_1_53' title='bbox 754 1033 785 1086; x_wconf 86' lang='lat' dir='ltr'><strong>at</strong></span> <span class='ocrx_word' id='word_1_54' title='bbox 800 1023 943 1086; x_wconf 92' lang='lat' dir='ltr'><strong>dominus</strong></span> <span class='ocrx_word' id='word_1_55' title='bbox 962 1042 1072 1085; x_wconf 91' lang='lat' dir='ltr'><strong>eorum</strong></span> <span class='ocrx_word' id='word_1_56' title='bbox 1087 1025 1198 1105; x_wconf 81' lang='lat' dir='ltr'><strong>negle-</strong></span> 
     </span>
     <span class='ocr_line' id='line_1_8' title="bbox 97 1125 1197 1206; baseline -0.003 -17"><span class='ocrx_word' id='word_1_57' title='bbox 97 1126 179 1189; x_wconf 80' lang='lat' dir='ltr'><strong>xerit</strong></span> <span class='ocrx_word' id='word_1_58' title='bbox 200 1144 256 1188; x_wconf 89' lang='lat' dir='ltr'><strong>eos</strong></span> <span class='ocrx_word' id='word_1_59' title='bbox 276 1125 436 1199; x_wconf 86' lang='lat' dir='ltr'><strong>liberare,</strong></span> <span class='ocrx_word' id='word_1_60' title='bbox 465 1132 496 1189; x_wconf 86' lang='lat' dir='ltr'><strong>ct</strong></span> <span class='ocrx_word' id='word_1_61' title='bbox 522 1145 622 1206; x_wconf 89' lang='lat' dir='ltr'><strong>usqne</strong></span> <span class='ocrx_word' id='word_1_62' title='bbox 643 1126 683 1187; x_wconf 92' lang='lat' dir='ltr'><strong>ad</strong></span> <span class='ocrx_word' id='word_1_63' title='bbox 706 1126 771 1188; x_wconf 91' lang='lat' dir='ltr'><strong>dies</strong></span> <span class='ocrx_word' id='word_1_64' title='bbox 798 1125 922 1206; x_wconf 83' lang='lat' dir='ltr'><strong>triginta</strong></span> <span class='ocrx_word' id='word_1_65' title='bbox 948 1144 1003 1189; x_wconf 88' lang='lat' dir='ltr'><strong>eos</strong></span> <span class='ocrx_word' id='word_1_66' title='bbox 1032 1126 1197 1188; x_wconf 81' lang='lat' dir='ltr'><strong>dimiserit:</strong></span> 
     </span>
     <span class='ocr_line' id='line_1_9' title="bbox 97 1225 1197 1307; baseline -0.002 -17"><span class='ocrx_word' id='word_1_67' title='bbox 97 1227 161 1290; x_wconf 86' lang='lat' dir='ltr'><strong>sint</strong></span> <span class='ocrx_word' id='word_1_68' title='bbox 188 1225 346 1307; x_wconf 73' lang='lat' dir='ltr'><strong>figanges,</strong></span> <span class='ocrx_word' id='word_1_69' title='bbox 378 1234 409 1289; x_wconf 90' lang='lat' dir='ltr'><strong>ct</strong></span> <span class='ocrx_word' id='word_1_70' title='bbox 434 1227 551 1290; x_wconf 90' lang='lat' dir='ltr'><strong>habeat</strong></span> <span class='ocrx_word' id='word_1_71' title='bbox 578 1246 633 1290; x_wconf 93' lang='lat' dir='ltr'><strong>eos</strong></span> <span class='ocrx_word' id='word_1_72' title='bbox 664 1227 723 1289; x_wconf 90' lang='lat' dir='ltr'><strong>sibi</strong></span> <span class='ocrx_word' id='word_1_73' title='bbox 749 1227 780 1287; x_wconf 93' lang='lat' dir='ltr'><strong>in</strong></span> <span class='ocrx_word' id='word_1_74' title='bbox 807 1234 980 1299; x_wconf 89' lang='lat' dir='ltr'><strong>transacto,</strong></span> <span class='ocrx_word' id='word_1_75' title='bbox 1009 1227 1057 1293; x_wconf 88' lang='lat' dir='ltr'><strong>cui</strong></span> <span class='ocrx_word' id='word_1_76' title='bbox 1082 1228 1197 1289; x_wconf 86' lang='lat' dir='ltr'><strong>furtum</strong></span> 
     </span>
     <span class='ocr_line' id='line_1_10' title="bbox 98 1328 1199 1409; baseline 0 -19"><span class='ocrx_word' id='word_1_77' title='bbox 98 1329 188 1401; x_wconf 87' lang='lat' dir='ltr'><strong>lecit,</strong></span> <span class='ocrx_word' id='word_1_78' title='bbox 211 1335 243 1390; x_wconf 90' lang='lat' dir='ltr'><strong>et</strong></span> <span class='ocrx_word' id='word_1_79' title='bbox 262 1335 374 1408; x_wconf 81' lang='lat' dir='ltr'><strong>postea</strong></span> <span class='ocrx_word' id='word_1_80' title='bbox 400 1329 501 1409; x_wconf 90' lang='lat' dir='ltr'><strong>ipsum</strong></span> <span class='ocrx_word' id='word_1_81' title='bbox 528 1330 644 1393; x_wconf 87' lang='lat' dir='ltr'><strong>lurtum</strong></span> <span class='ocrx_word' id='word_1_82' title='bbox 667 1330 695 1389; x_wconf 90' lang='lat' dir='ltr'><strong>ci</strong></span> <span class='ocrx_word' id='word_1_83' title='bbox 717 1340 888 1409; x_wconf 85' lang='lat' dir='ltr'><strong>conponat,</strong></span> <span class='ocrx_word' id='word_1_84' title='bbox 918 1329 995 1392; x_wconf 91' lang='lat' dir='ltr'><strong>sicut</strong></span> <span class='ocrx_word' id='word_1_85' title='bbox 1021 1328 1071 1390; x_wconf 81' lang='lat' dir='ltr'><strong>lex</strong></span> <span class='ocrx_word' id='word_1_86' title='bbox 1099 1338 1199 1392; x_wconf 89' lang='lat' dir='ltr'><strong>estet</strong></span> 
     </span>
     <span class='ocr_line' id='line_1_11' title="bbox 98 1430 1034 1516; baseline 0.007 -26"><span class='ocrx_word' id='word_1_87' title='bbox 98 1430 218 1492; x_wconf 86' lang='lat' dir='ltr'><strong>edictus</strong></span> <span class='ocrx_word' id='word_1_88' title='bbox 241 1430 377 1493; x_wconf 80' lang='lat' dir='ltr'><strong>contenit</strong></span> <span class='ocrx_word' id='word_1_89' title='bbox 400 1430 500 1516; x_wconf 78' lang='lat' dir='ltr'><strong>[ltott.</strong></span> <span class='ocrx_word' id='word_1_90' title='bbox 524 1435 701 1498; x_wconf 80' lang='lat'><strong>253-276.</strong></span> <span class='ocrx_word' id='word_1_91' title='bbox 724 1430 914 1514; x_wconf 55' lang='lat' dir='ltr'><strong>aet-299}</strong></span> <span class='ocrx_word' id='word_1_92' title='bbox 1030 1442 1034 1448; x_wconf 82' lang='lat'>&#39;</span> 
     </span>
    </p>

    <p class='ocr_par' dir='ltr' id='par_1_4' title="bbox 96 1531 1197 1922">
     <span class='ocr_line' id='line_1_12' title="bbox 188 1531 1197 1613; baseline -0.004 -17"><span class='ocrx_word' id='word_1_93' title='bbox 188 1534 259 1598; x_wconf 80' lang='grc'><strong>148.</strong></span> <span class='ocrx_word' id='word_1_94' title='bbox 281 1532 331 1594; x_wconf 86' lang='lat' dir='ltr'><strong>Vl.</strong></span> <span class='ocrx_word' id='word_1_95' title='bbox 376 1533 407 1595; x_wconf 87' lang='lat' dir='ltr'><strong>Si</strong></span> <span class='ocrx_word' id='word_1_96' title='bbox 435 1535 504 1613; x_wconf 91' lang='lat' dir='ltr'><strong>quis</strong></span> <span class='ocrx_word' id='word_1_97' title='bbox 531 1553 571 1594; x_wconf 77' lang='lat' dir='ltr'><strong>cx</strong></span> <span class='ocrx_word' id='word_1_98' title='bbox 598 1552 655 1595; x_wconf 91' lang='lat' dir='ltr'><strong>sua</strong></span> <span class='ocrx_word' id='word_1_99' title='bbox 685 1531 870 1594; x_wconf 87' lang='lat' dir='ltr'><strong>auctoritate</strong></span> <span class='ocrx_word' id='word_1_100' title='bbox 895 1539 980 1593; x_wconf 89' lang='lat' dir='ltr'><strong>terra</strong></span> <span class='ocrx_word' id='word_1_101' title='bbox 1007 1531 1110 1594; x_wconf 89' lang='lat' dir='ltr'><strong>aliena</strong></span> <span class='ocrx_word' id='word_1_102' title='bbox 1138 1533 1197 1594; x_wconf 92' lang='lat' dir='ltr'><strong>sini</strong></span> 
     </span>
     <span class='ocr_line' id='line_1_13' title="bbox 97 1633 1196 1717; baseline 0.001 -23"><span class='ocrx_word' id='word_1_103' title='bbox 97 1633 224 1714; x_wconf 92' lang='lat' dir='ltr'><strong>puplico</strong></span> <span class='ocrx_word' id='word_1_104' title='bbox 247 1633 428 1708; x_wconf 84' lang='lat' dir='ltr'><strong>unilauerit,</strong></span> <span class='ocrx_word' id='word_1_105' title='bbox 451 1634 583 1696; x_wconf 83' lang='lat' dir='ltr'><strong>dicendo</strong></span> <span class='ocrx_word' id='word_1_106' title='bbox 607 1635 692 1715; x_wconf 90' lang='lat' dir='ltr'><strong>quod</strong></span> <span class='ocrx_word' id='word_1_107' title='bbox 711 1654 771 1697; x_wconf 91' lang='lat' dir='ltr'><strong>sua</strong></span> <span class='ocrx_word' id='word_1_108' title='bbox 793 1635 906 1696; x_wconf 91' lang='lat' dir='ltr'><strong>debeat</strong></span> <span class='ocrx_word' id='word_1_109' title='bbox 928 1653 1010 1708; x_wconf 86' lang='lat' dir='ltr'><strong>esse,</strong></span> <span class='ocrx_word' id='word_1_110' title='bbox 1034 1643 1064 1696; x_wconf 93' lang='lat' dir='ltr'><strong>et</strong></span> <span class='ocrx_word' id='word_1_111' title='bbox 1087 1644 1196 1717; x_wconf 84' lang='lat' dir='ltr'><strong>postea</strong></span> 
     </span>
     <span class='ocr_line' id='line_1_14' title="bbox 96 1736 1195 1817; baseline 0.002 -21"><span class='ocrx_word' id='word_1_112' title='bbox 96 1755 162 1797; x_wconf 92' lang='lat' dir='ltr'><strong>uon</strong></span> <span class='ocrx_word' id='word_1_113' title='bbox 190 1736 327 1816; x_wconf 91' lang='lat' dir='ltr'><strong>potuerit</strong></span> <span class='ocrx_word' id='word_1_114' title='bbox 352 1755 496 1817; x_wconf 88' lang='lat' dir='ltr'><strong>prouare.</strong></span> <span class='ocrx_word' id='word_1_115' title='bbox 518 1737 603 1815; x_wconf 88' lang='lat' dir='ltr'><strong>quod</strong></span> <span class='ocrx_word' id='word_1_116' title='bbox 631 1756 688 1798; x_wconf 90' lang='lat' dir='ltr'><strong>sua</strong></span> <span class='ocrx_word' id='word_1_117' title='bbox 714 1736 769 1810; x_wconf 79' lang='lat' dir='ltr'><strong>sit,</strong></span> <span class='ocrx_word' id='word_1_118' title='bbox 799 1743 958 1816; x_wconf 90' lang='lat' dir='ltr'><strong>conponat</strong></span> <span class='ocrx_word' id='word_1_119' title='bbox 985 1736 1103 1798; x_wconf 90' lang='lat' dir='ltr'><strong>solidos</strong></span> <span class='ocrx_word' id='word_1_120' title='bbox 1131 1756 1195 1811; x_wconf 83' lang='lat' dir='ltr'><strong>sex,</strong></span> 
     </span>
     <span class='ocr_line' id='line_1_15' title="bbox 96 1836 1041 1922; baseline 0.003 -24"><span class='ocrx_word' id='word_1_121' title='bbox 96 1837 259 1918; x_wconf 90' lang='lat' dir='ltr'><strong>quomodo</strong></span> <span class='ocrx_word' id='word_1_122' title='bbox 283 1837 335 1917; x_wconf 90' lang='lat' dir='ltr'><strong>qui</strong></span> <span class='ocrx_word' id='word_1_123' title='bbox 357 1836 430 1917; x_wconf 90' lang='lat' dir='ltr'><strong>palo</strong></span> <span class='ocrx_word' id='word_1_124' title='bbox 453 1837 484 1897; x_wconf 92' lang='lat' dir='ltr'><strong>in</strong></span> <span class='ocrx_word' id='word_1_125' title='bbox 507 1845 590 1899; x_wconf 91' lang='lat' dir='ltr'><strong>terra</strong></span> <span class='ocrx_word' id='word_1_126' title='bbox 613 1838 713 1899; x_wconf 88' lang='lat' dir='ltr'><strong>aliena</strong></span> <span class='ocrx_word' id='word_1_127' title='bbox 735 1838 802 1919; x_wconf 83' lang='lat' dir='ltr'><strong>figit</strong></span> <span class='ocrx_word' id='word_1_128' title='bbox 825 1837 955 1922; x_wconf 79' lang='lat' dir='ltr'><strong>[Liutpr.</strong></span> <span class='ocrx_word' id='word_1_129' title='bbox 978 1837 1041 1922; x_wconf 72' lang='lat'><strong>47]-</strong></span> 
     </span>
    </p>

    <p class='ocr_par' dir='ltr' id='par_1_5' title="bbox 70 1939 1197 3544">
     <span class='ocr_line' id='line_1_16' title="bbox 185 1939 1197 2020; baseline -0.003 -16"><span class='ocrx_word' id='word_1_130' title='bbox 185 1942 255 2005; x_wconf 80' lang='lat'><strong>149.</strong></span> <span class='ocrx_word' id='word_1_131' title='bbox 278 1939 341 2004; x_wconf 86' lang='lat' dir='ltr'><strong>Vll.</strong></span> <span class='ocrx_word' id='word_1_132' title='bbox 383 1939 462 1999; x_wconf 90' lang='lat' dir='ltr'><strong>ltem</strong></span> <span class='ocrx_word' id='word_1_133' title='bbox 484 1939 523 1999; x_wconf 90' lang='lat' dir='ltr'><strong>de</strong></span> <span class='ocrx_word' id='word_1_134' title='bbox 544 1939 729 2010; x_wconf 83' lang='lat' dir='ltr'><strong>infantibus,</strong></span> <span class='ocrx_word' id='word_1_135' title='bbox 758 1939 810 2020; x_wconf 89' lang='lat' dir='ltr'><strong>qui</strong></span> <span class='ocrx_word' id='word_1_136' title='bbox 831 1939 912 2000; x_wconf 91' lang='lat' dir='ltr'><strong>intra</strong></span> <span class='ocrx_word' id='word_1_137' title='bbox 934 1946 1048 2000; x_wconf 89' lang='lat' dir='ltr'><strong>etatem</strong></span> <span class='ocrx_word' id='word_1_138' title='bbox 1071 1949 1142 2002; x_wconf 90' lang='lat' dir='ltr'><strong>sunt</strong></span> <span class='ocrx_word' id='word_1_139' title='bbox 1166 1949 1197 2001; x_wconf 88' lang='lat' dir='ltr'><strong>et</strong></span> 
     </span>
     <span class='ocr_line' id='line_1_17' title="bbox 95 2025 1196 2121; baseline 0.002 -20"><span class='ocrx_word' id='word_1_140' title='bbox 95 2041 284 2103; x_wconf 81' lang='lat' dir='ltr'><strong>necessitate</strong></span> <span class='ocrx_word' id='word_1_141' title='bbox 311 2039 430 2101; x_wconf 88' lang='lat' dir='ltr'><strong>maiore</strong></span> <span class='ocrx_word' id='word_1_142' title='bbox 455 2041 590 2113; x_wconf 89' lang='lat' dir='ltr'><strong>habent,</strong></span> <span class='ocrx_word' id='word_1_143' title='bbox 619 2048 649 2102; x_wconf 94' lang='lat' dir='ltr'><strong>et</strong></span> <span class='ocrx_word' id='word_1_144' title='bbox 672 2059 691 2102; x_wconf 90' lang='lat' dir='ltr'><strong>a</strong></span> <span class='ocrx_word' id='word_1_145' title='bbox 711 2025 795 2102; x_wconf 85' lang='lat' dir='ltr'><strong>lame</strong></span> <span class='ocrx_word' id='word_1_146' title='bbox 817 2040 1004 2111; x_wconf 90' lang='lat' dir='ltr'><strong>moriuntur,</strong></span> <span class='ocrx_word' id='word_1_147' title='bbox 1032 2043 1196 2121; x_wconf 82' lang='lat' dir='ltr'><strong>conparuit</strong></span> 
     </span>
     <span class='ocr_line' id='line_1_18' title="bbox 94 2141 1194 2221; baseline -0.002 -17"><span class='ocrx_word' id='word_1_148' title='bbox 94 2143 204 2217; x_wconf 88' lang='lat' dir='ltr'><strong>uobis,</strong></span> <span class='ocrx_word' id='word_1_149' title='bbox 230 2149 264 2204; x_wconf 91' lang='lat' dir='ltr'><strong>ut</strong></span> <span class='ocrx_word' id='word_1_150' title='bbox 291 2144 365 2203; x_wconf 88' lang='lat' dir='ltr'><strong>dum</strong></span> <span class='ocrx_word' id='word_1_151' title='bbox 393 2152 513 2221; x_wconf 87' lang='lat' dir='ltr'><strong>tempus</strong></span> <span class='ocrx_word' id='word_1_152' title='bbox 540 2142 631 2204; x_wconf 87' lang='lat' dir='ltr'><strong>lamis</strong></span> <span class='ocrx_word' id='word_1_153' title='bbox 661 2141 768 2215; x_wconf 76' lang='lat' dir='ltr'><strong>fucrit,</strong></span> <span class='ocrx_word' id='word_1_154' title='bbox 796 2141 951 2203; x_wconf 86' lang='lat' dir='ltr'><strong>licentiam</strong></span> <span class='ocrx_word' id='word_1_155' title='bbox 980 2142 1097 2203; x_wconf 88' lang='lat' dir='ltr'><strong>habeat</strong></span> <span class='ocrx_word' id='word_1_156' title='bbox 1125 2161 1194 2203; x_wconf 88' lang='lat' dir='ltr'><strong>cum</strong></span> 
     </span>
     <span class='ocr_line' id='line_1_19' title="bbox 96 2242 1193 2322; baseline 0.004 -20"><span class='ocrx_word' id='word_1_157' title='bbox 96 2242 194 2304; x_wconf 91' lang='lat' dir='ltr'><strong>misso</strong></span> <span class='ocrx_word' id='word_1_158' title='bbox 220 2242 367 2322; x_wconf 88' lang='lat' dir='ltr'><strong>principis</strong></span> <span class='ocrx_word' id='word_1_159' title='bbox 396 2251 449 2305; x_wconf 90' lang='lat' dir='ltr'><strong>aut</strong></span> <span class='ocrx_word' id='word_1_160' title='bbox 477 2262 546 2304; x_wconf 90' lang='lat' dir='ltr'><strong>eum</strong></span> <span class='ocrx_word' id='word_1_161' title='bbox 573 2243 665 2304; x_wconf 90' lang='lat' dir='ltr'><strong>iudici</strong></span> <span class='ocrx_word' id='word_1_162' title='bbox 693 2263 751 2305; x_wconf 94' lang='lat' dir='ltr'><strong>sno</strong></span> <span class='ocrx_word' id='word_1_163' title='bbox 774 2244 813 2303; x_wconf 89' lang='lat' dir='ltr'><strong>de</strong></span> <span class='ocrx_word' id='word_1_164' title='bbox 841 2253 925 2306; x_wconf 88' lang='lat' dir='ltr'><strong>terra</strong></span> <span class='ocrx_word' id='word_1_165' title='bbox 955 2251 1008 2304; x_wconf 87' lang='lat' dir='ltr'><strong>aut</strong></span> <span class='ocrx_word' id='word_1_166' title='bbox 1034 2244 1073 2304; x_wconf 93' lang='lat' dir='ltr'><strong>de</strong></span> <span class='ocrx_word' id='word_1_167' title='bbox 1100 2246 1193 2306; x_wconf 91' lang='lat' dir='ltr'><strong>rebus</strong></span> 
     </span>
     <span class='ocr_line' id='line_1_20' title="bbox 99 2344 1192 2425; baseline 0.002 -19"><span class='ocrx_word' id='word_1_168' title='bbox 99 2344 160 2406; x_wconf 87' lang='lat' dir='ltr'><strong>suis</strong></span> <span class='ocrx_word' id='word_1_169' title='bbox 182 2344 321 2417; x_wconf 89' lang='lat' dir='ltr'><strong>uindere,</strong></span> <span class='ocrx_word' id='word_1_170' title='bbox 345 2346 479 2425; x_wconf 86' lang='lat' dir='ltr'><strong>qualiter</strong></span> <span class='ocrx_word' id='word_1_171' title='bbox 500 2346 608 2406; x_wconf 90' lang='lat' dir='ltr'><strong>uiuere</strong></span> <span class='ocrx_word' id='word_1_172' title='bbox 629 2345 739 2425; x_wconf 81' lang='lat' dir='ltr'><strong>possit,</strong></span> <span class='ocrx_word' id='word_1_173' title='bbox 761 2344 791 2404; x_wconf 92' lang='lat' dir='ltr'><strong>in</strong></span> <span class='ocrx_word' id='word_1_174' title='bbox 815 2353 934 2406; x_wconf 90' lang='lat' dir='ltr'><strong>tantum</strong></span> <span class='ocrx_word' id='word_1_175' title='bbox 957 2353 991 2406; x_wconf 93' lang='lat' dir='ltr'><strong>ut</strong></span> <span class='ocrx_word' id='word_1_176' title='bbox 1005 2363 1040 2406; x_wconf 91' lang='lat' dir='ltr'><strong>se</strong></span> <span class='ocrx_word' id='word_1_177' title='bbox 1063 2346 1102 2407; x_wconf 89' lang='lat' dir='ltr'><strong>de</strong></span> <span class='ocrx_word' id='word_1_178' title='bbox 1123 2345 1192 2425; x_wconf 87' lang='lat' dir='ltr'><strong>ipsa</strong></span> 
     </span>
     <span class='ocr_line' id='line_1_21' title="bbox 70 2445 1192 2527; baseline -0.004 -16"><span class='ocrx_word' id='word_1_179' title='bbox 70 2445 201 2517; x_wconf 79' lang='lat' dir='ltr'><strong>,famen</strong></span> <span class='ocrx_word' id='word_1_180' title='bbox 223 2446 356 2508; x_wconf 88' lang='lat' dir='ltr'><strong>liberare</strong></span> <span class='ocrx_word' id='word_1_181' title='bbox 385 2447 500 2527; x_wconf 86' lang='lat' dir='ltr'><strong>possit,</strong></span> <span class='ocrx_word' id='word_1_182' title='bbox 528 2456 562 2509; x_wconf 90' lang='lat' dir='ltr'><strong>nt</strong></span> <span class='ocrx_word' id='word_1_183' title='bbox 589 2466 653 2507; x_wconf 93' lang='lat' dir='ltr'><strong>non</strong></span> <span class='ocrx_word' id='word_1_184' title='bbox 682 2446 864 2512; x_wconf 85' lang='lat' dir='ltr'><strong>moriantur.</strong></span> <span class='ocrx_word' id='word_1_185' title='bbox 915 2445 1049 2518; x_wconf 81' lang='lat' dir='ltr'><strong>Quidem</strong></span> <span class='ocrx_word' id='word_1_186' title='bbox 1075 2454 1105 2508; x_wconf 91' lang='lat' dir='ltr'><strong>et</strong></span> <span class='ocrx_word' id='word_1_187' title='bbox 1131 2447 1192 2508; x_wconf 90' lang='lat' dir='ltr'><strong>hoc</strong></span> 
     </span>
     <span class='ocr_line' id='line_1_22' title="bbox 93 2547 1187 2632; baseline 0.003 -24"><span class='ocrx_word' id='word_1_188' title='bbox 93 2547 163 2628; x_wconf 92' lang='lat' dir='ltr'><strong>ipso</strong></span> <span class='ocrx_word' id='word_1_189' title='bbox 186 2548 279 2609; x_wconf 82' lang='lat' dir='ltr'><strong>iudex</strong></span> <span class='ocrx_word' id='word_1_190' title='bbox 301 2549 340 2609; x_wconf 87' lang='lat' dir='ltr'><strong>de</strong></span> <span class='ocrx_word' id='word_1_191' title='bbox 361 2549 432 2613; x_wconf 86' lang='lat' dir='ltr'><strong>loco</strong></span> <span class='ocrx_word' id='word_1_192' title='bbox 453 2549 506 2610; x_wconf 93' lang='lat' dir='ltr'><strong>illo</strong></span> <span class='ocrx_word' id='word_1_193' title='bbox 529 2549 643 2611; x_wconf 89' lang='lat' dir='ltr'><strong>debeat</strong></span> <span class='ocrx_word' id='word_1_194' title='bbox 669 2547 849 2632; x_wconf 72' lang='lat' dir='ltr'><strong>prpuidere,</strong></span> <span class='ocrx_word' id='word_1_195' title='bbox 880 2547 907 2611; x_wconf 91' lang='lat' dir='ltr'><strong>si</strong></span> <span class='ocrx_word' id='word_1_196' title='bbox 933 2556 1016 2609; x_wconf 89' lang='lat' dir='ltr'><strong>certe</strong></span> <span class='ocrx_word' id='word_1_197' title='bbox 1042 2567 1101 2628; x_wconf 92' lang='lat' dir='ltr'><strong>pro</strong></span> <span class='ocrx_word' id='word_1_198' title='bbox 1122 2548 1187 2629; x_wconf 88' lang='lat' dir='ltr'><strong>ips&#39;a</strong></span> 
     </span>
     <span class='ocr_line' id='line_1_23' title="bbox 93 2649 1187 2730; baseline 0.001 -21"><span class='ocrx_word' id='word_1_199' title='bbox 93 2650 281 2712; x_wconf 87' lang='lat' dir='ltr'><strong>necessitate</strong></span> <span class='ocrx_word' id='word_1_200' title='bbox 303 2650 395 2712; x_wconf 86' lang='lat' dir='ltr'><strong>famis</strong></span> <span class='ocrx_word' id='word_1_201' title='bbox 416 2651 497 2724; x_wconf 88' lang='lat' dir='ltr'><strong>fecit,</strong></span> <span class='ocrx_word' id='word_1_202' title='bbox 521 2658 551 2712; x_wconf 94' lang='lat' dir='ltr'><strong>et</strong></span> <span class='ocrx_word' id='word_1_203' title='bbox 573 2651 616 2712; x_wconf 92' lang='lat' dir='ltr'><strong>sic</strong></span> <span class='ocrx_word' id='word_1_204' title='bbox 638 2650 669 2709; x_wconf 92' lang='lat' dir='ltr'><strong>in</strong></span> <span class='ocrx_word' id='word_1_205' title='bbox 692 2649 756 2711; x_wconf 88' lang='lat' dir='ltr'><strong>eius</strong></span> <span class='ocrx_word' id='word_1_206' title='bbox 778 2650 936 2730; x_wconf 89' lang='lat' dir='ltr'><strong>presentia</strong></span> <span class='ocrx_word' id='word_1_207' title='bbox 956 2649 1021 2722; x_wconf 87' lang='lat' dir='ltr'><strong>fiat,</strong></span> <span class='ocrx_word' id='word_1_208' title='bbox 1045 2660 1078 2713; x_wconf 91' lang='lat' dir='ltr'><strong>nt</strong></span> <span class='ocrx_word' id='word_1_209' title='bbox 1100 2651 1187 2711; x_wconf 88' lang='lat' dir='ltr'><strong>deum</strong></span> 
     </span>
     <span class='ocr_line' id='line_1_24' title="bbox 81 2750 1191 2832; baseline 0.004 -21"><span class='ocrx_word' id='word_1_210' title='bbox 81 2750 212 2812; x_wconf 89' lang='lat' dir='ltr'><strong>-habeat</strong></span> <span class='ocrx_word' id='word_1_211' title='bbox 232 2751 419 2832; x_wconf 80' lang='lat' dir='ltr'><strong>propitium3</strong></span> <span class='ocrx_word' id='word_1_212' title='bbox 443 2761 474 2814; x_wconf 91' lang='lat' dir='ltr'><strong>et</strong></span> <span class='ocrx_word' id='word_1_213' title='bbox 495 2753 520 2814; x_wconf 91' lang='lat' dir='ltr'><strong>si</strong></span> <span class='ocrx_word' id='word_1_214' title='bbox 543 2752 632 2814; x_wconf 89' lang='lat' dir='ltr'><strong>aliter</strong></span> <span class='ocrx_word' id='word_1_215' title='bbox 652 2752 774 2825; x_wconf 85' lang='lat' dir='ltr'><strong>lecerit,</strong></span> <span class='ocrx_word' id='word_1_216' title='bbox 797 2753 890 2812; x_wconf 92' lang='lat' dir='ltr'><strong>deum</strong></span> <span class='ocrx_word' id='word_1_217' title='bbox 911 2752 1028 2816; x_wconf 89' lang='lat' dir='ltr'><strong>habeat</strong></span> <span class='ocrx_word' id='word_1_218' title='bbox 1049 2753 1191 2815; x_wconf 89' lang='lat' dir='ltr'><strong>iudicem.</strong></span> 
     </span>
     <span class='ocr_line' id='line_1_25' title="bbox 92 2836 1190 2934; baseline 0.004 -22"><span class='ocrx_word' id='word_1_219' title='bbox 92 2852 134 2914; x_wconf 85' lang='lat' dir='ltr'><strong>Et</strong></span> <span class='ocrx_word' id='word_1_220' title='bbox 153 2852 186 2912; x_wconf 95' lang='lat' dir='ltr'><strong>in</strong></span> <span class='ocrx_word' id='word_1_221' title='bbox 208 2855 326 2914; x_wconf 85' lang='lat' dir='ltr'><strong>cartola</strong></span> <span class='ocrx_word' id='word_1_222' title='bbox 348 2853 466 2928; x_wconf 91' lang='lat' dir='ltr'><strong>indicit,</strong></span> <span class='ocrx_word' id='word_1_223' title='bbox 490 2853 562 2934; x_wconf 88' lang='lat' dir='ltr'><strong>quia</strong></span> <span class='ocrx_word' id='word_1_224' title='bbox 584 2874 642 2934; x_wconf 90' lang='lat' dir='ltr'><strong>pro</strong></span> <span class='ocrx_word' id='word_1_225' title='bbox 664 2836 754 2916; x_wconf 81' lang='lat' dir='ltr'><strong>lamis</strong></span> <span class='ocrx_word' id='word_1_226' title='bbox 778 2854 963 2917; x_wconf 87' lang='lat' dir='ltr'><strong>necessitate</strong></span> <span class='ocrx_word' id='word_1_227' title='bbox 986 2859 1046 2918; x_wconf 85' lang='lat' dir='ltr'><strong>ista</strong></span> <span class='ocrx_word' id='word_1_228' title='bbox 1061 2855 1190 2916; x_wconf 91' lang='lat' dir='ltr'><strong>uinditio</strong></span> 
     </span>
     <span class='ocr_line' id='line_1_26' title="bbox 92 2955 1193 3036; baseline 0 -20"><span class='ocrx_word' id='word_1_229' title='bbox 92 2955 179 3017; x_wconf 83' lang='lat' dir='ltr'><strong>lacta</strong></span> <span class='ocrx_word' id='word_1_230' title='bbox 200 2964 265 3030; x_wconf 54' lang='lat' dir='ltr'><strong>est;¹</strong></span> <span class='ocrx_word' id='word_1_231' title='bbox 293 2955 398 3035; x_wconf 87' lang='lat' dir='ltr'><strong>etqui</strong></span> <span class='ocrx_word' id='word_1_232' title='bbox 420 2964 522 3017; x_wconf 88' lang='lat' dir='ltr'><strong>actum</strong></span> <span class='ocrx_word' id='word_1_233' title='bbox 544 2956 746 3020; x_wconf 89' lang='lat' dir='ltr'><strong>commissum</strong></span> <span class='ocrx_word' id='word_1_234' title='bbox 766 2955 925 3027; x_wconf 85' lang='lat' dir='ltr'><strong>habuerit,</strong></span> <span class='ocrx_word' id='word_1_235' title='bbox 948 2974 1011 3017; x_wconf 89' lang='lat' dir='ltr'><strong>non</strong></span> <span class='ocrx_word' id='word_1_236' title='bbox 1031 2963 1193 3036; x_wconf 88' lang='lat' dir='ltr'><strong>presumat</strong></span> 
     </span>
     <span class='ocr_line' id='line_1_27' title="bbox 93 3055 1190 3137; baseline -0.001 -20"><span class='ocrx_word' id='word_1_237' title='bbox 93 3057 135 3117; x_wconf 93' lang='lat' dir='ltr'><strong>de</strong></span> <span class='ocrx_word' id='word_1_238' title='bbox 162 3055 238 3137; x_wconf 91' lang='lat' dir='ltr'><strong>ipsis</strong></span> <span class='ocrx_word' id='word_1_239' title='bbox 265 3056 432 3118; x_wconf 85' lang='lat' dir='ltr'><strong>inlantibus</strong></span> <span class='ocrx_word' id='word_1_240' title='bbox 464 3075 577 3120; x_wconf 89' lang='lat' dir='ltr'><strong>emere.</strong></span> <span class='ocrx_word' id='word_1_241' title='bbox 636 3057 675 3117; x_wconf 90' lang='lat' dir='ltr'><strong>Et</strong></span> <span class='ocrx_word' id='word_1_242' title='bbox 703 3057 776 3118; x_wconf 90' lang='lat' dir='ltr'><strong>dum</strong></span> <span class='ocrx_word' id='word_1_243' title='bbox 803 3064 925 3137; x_wconf 91' lang='lat' dir='ltr'><strong>tempus</strong></span> <span class='ocrx_word' id='word_1_244' title='bbox 953 3056 1045 3119; x_wconf 85' lang='lat' dir='ltr'><strong>lamis</strong></span> <span class='ocrx_word' id='word_1_245' title='bbox 1074 3057 1190 3127; x_wconf 84' lang='lat' dir='ltr'><strong>exierit,</strong></span> 
     </span>
     <span class='ocr_line' id='line_1_28' title="bbox 92 3157 1190 3242; baseline 0.001 -22"><span class='ocrx_word' id='word_1_246' title='bbox 92 3158 249 3238; x_wconf 83' lang='lat' dir='ltr'><strong>tuncipsi</strong></span> <span class='ocrx_word' id='word_1_247' title='bbox 270 3158 403 3220; x_wconf 83' lang='lat' dir='ltr'><strong>infantes</strong></span> <span class='ocrx_word' id='word_1_248' title='bbox 426 3159 596 3220; x_wconf 89' lang='lat' dir='ltr'><strong>secundum</strong></span> <span class='ocrx_word' id='word_1_249' title='bbox 618 3159 783 3220; x_wconf 32' lang='lat' dir='ltr'><strong>anteriore,</strong></span> <span class='ocrx_word' id='word_1_250' title='bbox 796 3158 897 3220; x_wconf 88' lang='lat' dir='ltr'><strong>edicto</strong></span> <span class='ocrx_word' id='word_1_251' title='bbox 921 3158 1049 3242; x_wconf 82' lang='lat' dir='ltr'><strong>[Liutpr.</strong></span> <span class='ocrx_word' id='word_1_252' title='bbox 1075 3160 1122 3222; x_wconf 85' lang='lat'><strong>19.</strong></span> <span class='ocrx_word' id='word_1_253' title='bbox 1139 3157 1190 3240; x_wconf 80' lang='lat'><strong>58]</strong></span> 
     </span>
     <span class='ocr_line' id='line_1_29' title="bbox 93 3257 1190 3337; baseline -0.002 -17"><span class='ocrx_word' id='word_1_254' title='bbox 93 3260 282 3322; x_wconf 90' lang='lat' dir='ltr'><strong>distribuant</strong></span> <span class='ocrx_word' id='word_1_255' title='bbox 301 3279 352 3322; x_wconf 88' lang='lat' dir='ltr'><strong>res</strong></span> <span class='ocrx_word' id='word_1_256' title='bbox 376 3268 430 3323; x_wconf 90' lang='lat' dir='ltr'><strong>aut</strong></span> <span class='ocrx_word' id='word_1_257' title='bbox 445 3261 650 3322; x_wconf 88' lang='lat' dir='ltr'><strong>substantiam</strong></span> <span class='ocrx_word' id='word_1_258' title='bbox 673 3281 776 3334; x_wconf 88' lang='lat' dir='ltr'><strong>suam,</strong></span> <span class='ocrx_word' id='word_1_259' title='bbox 798 3280 863 3320; x_wconf 92' lang='lat' dir='ltr'><strong>non</strong></span> <span class='ocrx_word' id='word_1_260' title='bbox 886 3259 990 3334; x_wconf 80' lang='lat' dir='ltr'><strong>aliter3</strong></span> <span class='ocrx_word' id='word_1_261' title='bbox 1013 3257 1084 3337; x_wconf 89' lang='lat' dir='ltr'><strong>quia</strong></span> <span class='ocrx_word' id='word_1_262' title='bbox 1099 3258 1190 3320; x_wconf 85' lang='lat' dir='ltr'><strong>istam</strong></span> 
     </span>
     <span class='ocr_line' id='line_1_30' title="bbox 92 3360 1190 3442; baseline -0.001 -21"><span class='ocrx_word' id='word_1_263' title='bbox 92 3361 249 3423; x_wconf 85' lang='lat' dir='ltr'><strong>licentiam</strong></span> <span class='ocrx_word' id='word_1_264' title='bbox 265 3381 323 3442; x_wconf 88' lang='lat' dir='ltr'><strong>pro</strong></span> <span class='ocrx_word' id='word_1_265' title='bbox 346 3363 415 3426; x_wconf 91' lang='lat' dir='ltr'><strong>sola</strong></span> <span class='ocrx_word' id='word_1_266' title='bbox 430 3362 616 3425; x_wconf 89' lang='lat' dir='ltr'><strong>necessitate</strong></span> <span class='ocrx_word' id='word_1_267' title='bbox 632 3361 786 3436; x_wconf 88' lang='lat' dir='ltr'><strong>dedimus,</strong></span> <span class='ocrx_word' id='word_1_268' title='bbox 808 3379 881 3422; x_wconf 92' lang='lat' dir='ltr'><strong>nam</strong></span> <span class='ocrx_word' id='word_1_269' title='bbox 896 3379 974 3432; x_wconf 92' lang='lat' dir='ltr'><strong>non,</strong></span> <span class='ocrx_word' id='word_1_270' title='bbox 998 3360 1082 3439; x_wconf 91' lang='lat' dir='ltr'><strong>qnod</strong></span> <span class='ocrx_word' id='word_1_271' title='bbox 1100 3360 1190 3432; x_wconf 88' lang='lat' dir='ltr'><strong>absit,</strong></span> 
     </span>
     <span class='ocr_line' id='line_1_31' title="bbox 91 3464 674 3544; baseline -0.003 -19"><span class='ocrx_word' id='word_1_272' title='bbox 91 3464 251 3526; x_wconf 83' lang='lat' dir='ltr'><strong>anteriore</strong></span> <span class='ocrx_word' id='word_1_273' title='bbox 273 3465 374 3527; x_wconf 86' lang='lat' dir='ltr'><strong>edicto</strong></span> <span class='ocrx_word' id='word_1_274' title='bbox 396 3464 674 3544; x_wconf 89' lang='lat' dir='ltr'><strong>conrumpendum.</strong></span> 
     </span>
    </p>

    <p class='ocr_par' dir='ltr' id='par_1_6' title="bbox 90 3562 1192 4058">
     <span class='ocr_line' id='line_1_32' title="bbox 181 3562 1190 3647; baseline -0.009 -15"><span class='ocrx_word' id='word_1_275' title='bbox 181 3569 251 3632; x_wconf 85' lang='lat'>150.</span> <span class='ocrx_word' id='word_1_276' title='bbox 273 3565 352 3629; x_wconf 88' lang='lat' dir='ltr'><strong>Vlll.</strong></span> <span class='ocrx_word' id='word_1_277' title='bbox 395 3566 427 3628; x_wconf 88' lang='lat' dir='ltr'><strong>Si</strong></span> <span class='ocrx_word' id='word_1_278' title='bbox 444 3566 511 3647; x_wconf 90' lang='lat' dir='ltr'><strong>quis</strong></span> <span class='ocrx_word' id='word_1_279' title='bbox 526 3566 679 3628; x_wconf 82' lang='lat' dir='ltr'><strong>fossatum</strong></span> <span class='ocrx_word' id='word_1_280' title='bbox 700 3564 732 3625; x_wconf 93' lang='lat' dir='ltr'><strong>in</strong></span> <span class='ocrx_word' id='word_1_281' title='bbox 754 3564 837 3625; x_wconf 89' lang='lat' dir='ltr'><strong>uiam</strong></span> <span class='ocrx_word' id='word_1_282' title='bbox 852 3562 967 3635; x_wconf 77' lang='lat' dir='ltr'><strong>lecerit,</strong></span> <span class='ocrx_word' id='word_1_283' title='bbox 991 3572 1022 3624; x_wconf 86' lang='lat' dir='ltr'><strong>et</strong></span> <span class='ocrx_word' id='word_1_284' title='bbox 1035 3562 1105 3643; x_wconf 94' lang='lat' dir='ltr'><strong>ipso</strong></span> <span class='ocrx_word' id='word_1_285' title='bbox 1119 3562 1190 3624; x_wconf 91' lang='lat' dir='ltr'><strong>loco</strong></span> 
     </span>
     <span class='ocr_line' id='line_1_33' title="bbox 90 3665 1191 3747; baseline -0.003 -20"><span class='ocrx_word' id='word_1_286' title='bbox 90 3686 153 3728; x_wconf 87' lang='lat' dir='ltr'><strong>suo</strong></span> <span class='ocrx_word' id='word_1_287' title='bbox 174 3686 311 3746; x_wconf 89' lang='lat' dir='ltr'><strong>prouare</strong></span> <span class='ocrx_word' id='word_1_288' title='bbox 340 3687 403 3729; x_wconf 91' lang='lat' dir='ltr'><strong>non</strong></span> <span class='ocrx_word' id='word_1_289' title='bbox 430 3667 579 3747; x_wconf 90' lang='lat' dir='ltr'><strong>potuerit,</strong></span> <span class='ocrx_word' id='word_1_290' title='bbox 603 3675 760 3747; x_wconf 91' lang='lat' dir='ltr'><strong>conponat</strong></span> <span class='ocrx_word' id='word_1_291' title='bbox 790 3665 907 3728; x_wconf 90' lang='lat' dir='ltr'><strong>solidos</strong></span> <span class='ocrx_word' id='word_1_292' title='bbox 929 3684 999 3738; x_wconf 88' lang='lat' dir='ltr'><strong>sex,</strong></span> <span class='ocrx_word' id='word_1_293' title='bbox 1028 3673 1060 3728; x_wconf 90' lang='lat' dir='ltr'><strong>et</strong></span> <span class='ocrx_word' id='word_1_294' title='bbox 1087 3665 1191 3745; x_wconf 87' lang='lat' dir='ltr'><strong>ipsum</strong></span> 
     </span>
     <span class='ocr_line' id='line_1_34' title="bbox 92 3767 1190 3842; baseline 0 -13"><span class='ocrx_word' id='word_1_295' title='bbox 92 3767 249 3829; x_wconf 85' lang='lat' dir='ltr'><strong>fossatum</strong></span> <span class='ocrx_word' id='word_1_296' title='bbox 278 3769 442 3842; x_wconf 86' lang='lat' dir='ltr'><strong>restaurit,</strong></span> <span class='ocrx_word' id='word_1_297' title='bbox 473 3778 505 3832; x_wconf 93' lang='lat' dir='ltr'><strong>et</strong></span> <span class='ocrx_word' id='word_1_298' title='bbox 535 3771 682 3831; x_wconf 89' lang='lat' dir='ltr'><strong>damnum</strong></span> <span class='ocrx_word' id='word_1_299' title='bbox 710 3769 736 3830; x_wconf 91' lang='lat' dir='ltr'><strong>si</strong></span> <span class='ocrx_word' id='word_1_300' title='bbox 768 3768 799 3828; x_wconf 92' lang='lat' dir='ltr'><strong>in</strong></span> <span class='ocrx_word' id='word_1_301' title='bbox 827 3767 899 3830; x_wconf 89' lang='lat' dir='ltr'><strong>uitis</strong></span> <span class='ocrx_word' id='word_1_302' title='bbox 927 3775 980 3829; x_wconf 86' lang='lat' dir='ltr'><strong>aut</strong></span> <span class='ocrx_word' id='word_1_303' title='bbox 1008 3767 1040 3827; x_wconf 93' lang='lat' dir='ltr'><strong>in</strong></span> <span class='ocrx_word' id='word_1_304' title='bbox 1069 3768 1190 3829; x_wconf 89' lang='lat' dir='ltr'><strong>arboris</strong></span> 
     </span>
     <span class='ocr_line' id='line_1_35' title="bbox 91 3868 1192 3949; baseline 0 -21"><span class='ocrx_word' id='word_1_305' title='bbox 91 3868 195 3949; x_wconf 91' lang='lat' dir='ltr'><strong>ipsum</strong></span> <span class='ocrx_word' id='word_1_306' title='bbox 228 3871 382 3933; x_wconf 78' lang='lat' dir='ltr'><strong>fossatum</strong></span> <span class='ocrx_word' id='word_1_307' title='bbox 414 3872 590 3933; x_wconf 80' lang='lat' dir='ltr'><strong>canendum</strong></span> <span class='ocrx_word' id='word_1_308' title='bbox 622 3869 713 3942; x_wconf 84' lang='lat' dir='ltr'><strong>fecit,</strong></span> <span class='ocrx_word' id='word_1_309' title='bbox 753 3877 910 3949; x_wconf 91' lang='lat' dir='ltr'><strong>conponat</strong></span> <span class='ocrx_word' id='word_1_310' title='bbox 947 3868 1024 3931; x_wconf 90' lang='lat' dir='ltr'><strong>sicut</strong></span> <span class='ocrx_word' id='word_1_311' title='bbox 1055 3869 1192 3930; x_wconf 89' lang='lat' dir='ltr'><strong>anterior</strong></span> 
     </span>
     <span class='ocr_line' id='line_1_36' title="bbox 93 3972 996 4058; baseline -0.001 -27"><span class='ocrx_word' id='word_1_312' title='bbox 93 3972 213 4034; x_wconf 88' lang='lat' dir='ltr'><strong>edictus</strong></span> <span class='ocrx_word' id='word_1_313' title='bbox 236 3974 373 4034; x_wconf 87' lang='lat' dir='ltr'><strong>contenit</strong></span> <span class='ocrx_word' id='word_1_314' title='bbox 396 3972 496 4058; x_wconf 73' lang='lat' dir='ltr'><strong>[Rota.</strong></span> <span class='ocrx_word' id='word_1_315' title='bbox 519 3973 591 4038; x_wconf 78' lang='lat'>294.</span> <span class='ocrx_word' id='word_1_316' title='bbox 614 3975 686 4038; x_wconf 88' lang='grc'><strong>300.</strong></span> <span class='ocrx_word' id='word_1_317' title='bbox 709 3975 769 4052; x_wconf 81' lang='lat' dir='ltr'><strong>cfr.</strong></span> <span class='ocrx_word' id='word_1_318' title='bbox 791 3972 910 4051; x_wconf 78' lang='lat' dir='ltr'><strong>Liutpr.</strong></span> <span class='ocrx_word' id='word_1_319' title='bbox 933 3973 996 4050; x_wconf 82' lang='grc'><strong>46].</strong></span> 
     </span>
    </p>

    <p class='ocr_par' dir='ltr' id='par_1_7' title="bbox 95 4071 1191 4255">
     <span class='ocr_line' id='line_1_37' title="bbox 180 4071 1191 4154; baseline -0.007 -16"><span class='ocrx_word' id='word_1_320' title='bbox 180 4076 249 4139; x_wconf 85' lang='grc'><strong>151.</strong></span> <span class='ocrx_word' id='word_1_321' title='bbox 272 4072 327 4139; x_wconf 87' lang='grc' dir='ltr'><strong>ΙΧ.</strong></span> <span class='ocrx_word' id='word_1_322' title='bbox 377 4074 408 4135; x_wconf 87' lang='lat' dir='ltr'><strong>Si</strong></span> <span class='ocrx_word' id='word_1_323' title='bbox 437 4075 505 4154; x_wconf 91' lang='lat' dir='ltr'><strong>quis</strong></span> <span class='ocrx_word' id='word_1_324' title='bbox 536 4077 652 4154; x_wconf 72' lang='lat' dir='ltr'><strong>porcils</strong></span> <span class='ocrx_word' id='word_1_325' title='bbox 682 4073 713 4134; x_wconf 93' lang='lat' dir='ltr'><strong>in</strong></span> <span class='ocrx_word' id='word_1_326' title='bbox 746 4073 825 4135; x_wconf 85' lang='lat' dir='ltr'><strong>silua</strong></span> <span class='ocrx_word' id='word_1_327' title='bbox 858 4073 992 4134; x_wconf 88' lang='lat' dir='ltr'><strong>alienam</strong></span> <span class='ocrx_word' id='word_1_328' title='bbox 1026 4071 1191 4133; x_wconf 86' lang='lat' dir='ltr'><strong>dillensam</strong></span> 
     </span>
     <span class='ocr_line' id='line_1_38' title="bbox 95 4174 1191 4255; baseline -0.001 -21"><span class='ocrx_word' id='word_1_329' title='bbox 95 4175 226 4247; x_wconf 91' lang='lat' dir='ltr'><strong>miserit,</strong></span> <span class='ocrx_word' id='word_1_330' title='bbox 251 4176 329 4237; x_wconf 89' lang='lat' dir='ltr'><strong>sicut</strong></span> <span class='ocrx_word' id='word_1_331' title='bbox 351 4175 468 4239; x_wconf 88' lang='lat' dir='ltr'><strong>edictus</strong></span> <span class='ocrx_word' id='word_1_332' title='bbox 491 4177 630 4238; x_wconf 88' lang='lat' dir='ltr'><strong>anterior</strong></span> <span class='ocrx_word' id='word_1_333' title='bbox 650 4175 752 4249; x_wconf 90' lang='lat' dir='ltr'><strong>habit,</strong></span> <span class='ocrx_word' id='word_1_334' title='bbox 775 4175 836 4236; x_wconf 90' lang='lat' dir='ltr'><strong>hoc</strong></span> <span class='ocrx_word' id='word_1_335' title='bbox 848 4183 898 4238; x_wconf 83' lang='lat' dir='ltr'><strong>est</strong></span> <span class='ocrx_word' id='word_1_336' title='bbox 913 4193 1011 4255; x_wconf 91' lang='lat' dir='ltr'><strong>usque</strong></span> <span class='ocrx_word' id='word_1_337' title='bbox 1027 4174 1067 4234; x_wconf 90' lang='lat' dir='ltr'><strong>ad</strong></span> <span class='ocrx_word' id='word_1_338' title='bbox 1083 4174 1191 4234; x_wconf 88' lang='lat' dir='ltr'><strong>decem</strong></span> 
     </span>
    </p>
   </div>
   <div class='ocr_carea' id='block_1_3' title="bbox 960 4279 998 4341">
    <p class='ocr_par' dir='ltr' id='par_1_8' title="bbox 960 4279 998 4341">
     <span class='ocr_line' id='line_1_39' title="bbox 960 4279 998 4341; baseline 0 0"><span class='ocrx_word' id='word_1_339' title='bbox 960 4279 998 4341; x_wconf 89' lang='grc'><strong>10</strong></span> 
     </span>
    </p>
   </div>
   <div class='ocr_carea' id='block_1_4' title="bbox 0 0 1292 4710">
    <p class='ocr_par' dir='ltr' id='par_1_9' title="bbox 0 0 1292 4710">
     <span class='ocr_line' id='line_1_40' title="bbox 0 0 1292 4710; baseline 0 2"><span class='ocrx_word' id='word_1_340' title='bbox 0 0 1292 4710; x_wconf 95' lang='lat' dir='ltr'><strong> </strong></span> 
     </span>
    </p>
   </div>
  </div>
 </body>
</html>
