2574 4710
141 348 183 414 98
315 343 553 409 LlVTPRANDI
573 343 699 412 LEGES
720 345 814 406 ANNI
835 345 877 411 X.
900 343 981 407 CAP.
1002 349 1054 414 29.

103 564 105 568 v
142 539 227 597 stare
247 531 280 593 in
302 533 414 604 eodem
441 530 553 593 iudicio
579 529 714 591 menime
733 522 881 604 uniuerit,
914 539 1071 611 conponat
1091 529 1151 605 illi,
1185 531 1238 612 qui

141 635 297 708 iudicauit,
320 634 439 698 solidos
461 636 512 699 20.
544 632 623 693 Nam
645 633 684 693 de
707 651 746 693 ea
768 651 871 707 cansa,
895 651 976 713 quae
997 651 1054 713 per
1075 632 1239 695 arbitrium

141 737 277 799 iudicata
298 735 405 809 fuerit,
434 743 464 796 et
484 735 553 814 ipse
575 734 718 797 sibinen
745 734 918 796 credederit
943 734 1044 815 legem
1065 734 1238 809 iudicassit,

144 846 176 900 et
196 840 237 900 ad
258 857 364 919 regem
391 836 622 909 reclamauerit,
648 855 713 897 uon
740 835 779 898 sit
808 835 986 916 culpauelis.
1034 836 1073 898 Et
1095 836 1122 898 si
1142 837 1238 900 iudex

144 947 252 1002 contra
290 940 391 1021 legem
430 936 632 1011 indicauerit,
673 944 829 1019 conponat
866 938 984 1001 solidos
1018 938 1237 1020 quadraginta,

46 1076 48 1081 .
144 1042 342 1104 medietatem
371 1040 436 1122 regi
465 1048 496 1102 et
524 1039 724 1102 medietatem
746 1038 831 1102 cuius
854 1058 982 1102 causam
1003 1040 1106 1107 tuerit.
1148 1042 1189 1104 Et
1211 1043 1237 1104 si

142 1144 290 1206 forsitans
312 1142 406 1204 iudex
427 1161 555 1205 causam
576 1160 634 1222 per
648 1126 809 1204 arbitrium
829 1141 1021 1217 indicauerit,
1043 1151 1074 1205 et
1088 1143 1236 1205 iudicium

145 1245 210 1307 eius
231 1251 349 1306 rectum
371 1264 435 1306 non
451 1242 657 1324 conparuerit,
679 1241 804 1306 nonsit
826 1243 1003 1324 culpauelis‚
1025 1245 1085 1307 nisi
1106 1253 1238 1325 preueat

144 1355 374 1409 sacramentum
395 1346 477 1427 regi,
505 1346 589 1425 quod
610 1364 674 1406 non
700 1343 806 1425 iniquo
829 1346 933 1408 animo
955 1355 1008 1408 aut
1030 1355 1196 1427 corruptus
1218 1367 1237 1409 a

144 1447 264 1528 premio
288 1467 416 1510 causam
437 1447 538 1528 ipsam
560 1466 623 1508 non
644 1445 816 1520 iudicassit,
838 1446 897 1511 nisi
918 1448 962 1510 sic
983 1448 1010 1509 ei
1031 1448 1134 1529 legem
1156 1468 1237 1511 cou-

144 1547 309 1629 paruissit3
332 1556 363 1611 et
384 1548 425 1611 sit
444 1549 616 1613 absolutus.
644 1547 724 1608 Nam
746 1547 771 1610 si
792 1547 896 1611 iurare
917 1569 981 1611 nou
1002 1552 1238 1631 presumpserit,

146 1659 305 1731 conponat
326 1658 359 1712 ut
381 1669 478 1730 supra
499 1650 613 1712 dictum
635 1659 692 1716 est.

230 1752 269 1815 Et
289 1753 352 1814 hoc
373 1751 536 1815 statuimus
552 1753 655 1832 adque
670 1750 835 1826 difluimus,
851 1760 884 1815 ut
906 1752 933 1816 si
948 1754 1098 1834 desupra
1112 1756 1236 1837 scriptis

147 1854 286 1935 capitulis
303 1873 384 1935 quae
406 1855 501 1916 modo
524 1853 708 1928 adfixemus,
731 1853 949 1934 qualicumque
963 1873 1077 1919 causae
1092 1877 1129 1920 se
1145 1868 1235 1921 antea

147 1964 341 2019 emerserunt
363 1961 416 2017 aut
435 1956 538 2018 factae
560 1964 640 2029 sunt,
662 1955 695 2017 iu
716 1974 755 2017 eo
777 1955 887 2018 ordine
908 1955 1054 2019 finiantur
1076 1968 1107 2021 et
1123 1980 1236 2023 mane·

148 2065 217 2132 ant,
247 2058 325 2121 sicut
352 2057 490 2121 anterior
510 2057 566 2120 init
594 2059 799 2132 consuetudo,
829 2058 880 2119 uel
902 2058 1039 2138 qualiter
1053 2060 1085 2122 in
1107 2062 1235 2144 antiquo

148 2159 239 2222 edicti
260 2180 393 2241 corpore
415 2167 607 2232 contenetur.
643 2160 732 2234 Quae
754 2160 869 2222 amodo
890 2176 978 2234 uero,
999 2162 1031 2222 id
1053 2171 1102 2225 est
1124 2183 1143 2226 a
1166 2164 1237 2226 diae

146 2261 351 2325 mendarum
373 2262 564 2336 martiarum,
585 2261 751 2325 indictione
773 2268 885 2344 quarta
907 2263 1076 2338 euenerint,
1097 2267 1148 2327 uet
1169 2266 1236 2329 fieri

147 2365 333 2446 contegerit,
363 2365 407 2427 sic
428 2365 631 2426 terminentur
652 2372 683 2426 et
702 2363 797 2426 finem
820 2363 985 2444 accipiant,
1007 2366 1085 2428 siant
1104 2368 1137 2429 in
1159 2388 1237 2450 pre-

147 2466 226 2528 senti
248 2466 363 2547 pagina
385 2474 523 2529 statuere
545 2466 604 2529 uisi
626 2485 748 2541 sumus;
771 2474 901 2545 excepto
923 2466 962 2526 de
984 2468 1113 2531 muliere
1126 2470 1235 2546 libera,

147 2586 207 2648 que
236 2587 360 2630 seruum
385 2567 455 2630 tolit
483 2567 564 2652 [cap.
586 2567 638 2652 24]
669 2575 700 2630 et
724 2570 894 2631 secundum
921 2570 1109 2632 anteriorem
1136 2573 1236 2634 edicto

147 2668 248 2753 [nota.
270 2668 342 2754 221]
366 2669 572 2731 condemnata
600 2688 663 2731 non
693 2677 755 2732 est:
782 2671 967 2754 ubicumque
988 2673 1114 2736 inuenta
1135 2675 1240 2750 fuerit,

147 2769 187 2832 sit
209 2770 320 2832 aneilla
341 2770 448 2849 palatii
470 2778 502 2833 et
520 2771 576 2832 filii
597 2771 662 2834 eins
684 2771 767 2834 serui
787 2773 878 2854 regis.

493 3008 556 3096 [ou
576 3009 686 3071 auno
706 3009 894 3098 nutritor]¹

229 3131 321 3196 29i1.
365 3128 396 3191 Si
424 3149 486 3210 qua
507 3130 617 3192 mulier
637 3148 688 3193 res
711 3150 784 3194 suas
806 3133 986 3194 uenuudare
1008 3133 1150 3209 uoluerit,
1173 3116 1241 3197 non

144 3230 176 3292 in
199 3232 365 3305 absconse,
393 3231 448 3293 sed
469 3231 501 3292 in
522 3233 679 3312 presentia
706 3233 852 3314 principis
874 3243 927 3297 aut
946 3235 1055 3298 iudicis
1077 3236 1128 3298 uel
1148 3237 1242 3300 scul-

146 3333 251 3410 dahis,
274 3354 329 3396 seo
352 3334 413 3394 duo
435 3341 489 3394 aut
509 3341 579 3407 tres¹
594 3343 739 3414 parentes
762 3355 836 3398 suos
859 3356 964 3400 secum
985 3337 1116 3413 habeat,
1139 3339 1238 3402 etsie

144 3434 277 3496 iudicem
298 3443 402 3517 roget:
429 3434 523 3515 „quia
551 3455 600 3499 res
629 3456 715 3500 meas
737 3436 811 3500 uolo
838 3437 1004 3517 uindere;“
1033 3448 1064 3502 et
1088 3440 1148 3522 ipsi
1174 3461 1244 3523 pa·

145 3656 168 3728 1)
187 3645 293 3733 Deltae
318 3659 375 3725 leae
406 3645 600 3728 s'aapecttsrima
625 3659 785 3728 audaeana
811 3667 853 3717 eat
875 3663 1010 3718 adnotatio
1034 3677 1094 3718 actea
1124 3667 1238 3720 maiora

146 3748 282 3820 editionis,
312 3751 355 3803 cut
382 3749 432 3804 tac
463 3751 598 3807 addidisse
630 3744 723 3806 uelim:
763 3767 816 3807 aaa
842 3768 930 3822 pauca
960 3742 1136 3811 iustrumenta
1162 3756 1246 3811 actis·

143 3854 284 3909 superesse
301 3842 329 3894 ta
348 3840 439 3910 quibas
459 3857 555 3896 uxores
574 3845 670 3899 nalum
689 3846 742 3899 aim
760 3859 790 3899 ae
805 3847 864 3914 pati
882 3847 1023 3916 testantur,
1043 3845 1141 3900 tamtam
1159 3859 1236 3918 auc,

143 3933 173 3985 in
191 3946 241 4002 qao
260 3930 359 3984 uiduae
378 3933 422 3985 act
438 3931 550 4000 uirginis
569 3937 662 3990 similis
681 3933 815 4004 prosecuto
841 3939 1013 3992 contueatur.
1057 3935 1114 3991 Nec
1129 3938 1237 3992 mattam

142 4037 193 4091 pro
211 4025 277 4078 anat
293 4024 386 4078 aectmi
404 4026 533 4078 mentione
551 4026 693 4080 inserenda
708 4024 802 4095 facere
819 4029 936 4097 aiaetar,
956 4027 1028 4099 qaod
1043 4029 1070 4081 ta
1089 4027 1244 4083 Heratdtna

144 4113 259 4168 cainone
285 4115 321 4168 aa
345 4129 441 4169 aarum
466 4113 506 4168 XI
510 4112 535 4168 V*
551 4120 610 4171 octo
635 4120 704 4183 (aaa
727 4120 854 4190 septam),
886 4120 922 4173 aa
945 4133 1042 4174 aaaam
1069 4118 1120 4174 XV
1140 4135 1242 4175 caueae

129 4208 213 4272 *saon
233 4209 307 4274 octo)
326 4207 410 4275 layum
425 4206 638 4274 praeconiam
657 4211 728 4277 uices
747 4213 926 4266 aamaaatar.
