2574 4710
144 359 204 424 110
237 344 610 421 uvmmnnl'unons
624 345 718 419 ANNI
734 355 800 424 XII.
822 357 905 424 XIII.
928 358 1010 427 CAP.
1027 362 1077 427 64.
1100 363 1153 428 65.

225 543 283 608 64(
301 541 354 608 XI.
402 541 472 603 Hoc
498 523 579 602 enirn
607 550 725 603 rectum
755 543 846 606 nobis
877 544 980 625 paruit
1013 564 1085 607 esse
1113 546 1154 606 dc
1185 545 1239 608 Iris

144 643 258 718 seruis,
293 644 344 725 qni
371 643 402 707 in
428 644 542 706 turtum
569 643 878 725 conprehendantur,
910 628 992 707 unde
1018 645 1050 705 in
1079 645 1244 708 anteriore

144 746 244 808 edicto
268 745 367 831 [Roth.
389 745 461 830 254]
488 744 616 827 legitur,
640 747 723 828 quod
753 756 805 808 aut
832 747 989 809 occidatur
1016 754 1069 808 aut
1095 749 1240 811 redemat

144 866 216 909 eum
242 848 385 910 domiuus
419 867 492 910 suus
520 846 626 911 solidis
655 850 709 921 40,
741 856 775 910 ut
805 849 831 910 si
867 850 983 910 amodo
1016 849 1244 933 cuiuscumque·

144 969 252 1012 seruus
268 950 501 1030 conprehensus
522 949 613 1012 suerit
633 950 665 1010 iu
687 969 725 1012 eo
746 950 856 1023 tmere,
878 959 912 1012 ut
933 950 1013 1012 mori
1033 951 1162 1013 debeat:
1186 959 1239 1014 aut

143 1050 276 1115 redImat
294 1070 365 1112 eum
380 1051 522 1114 dominus
545 1073 618 1115 suus
639 1059 674 1114 ut
695 1051 808 1114 dictum
829 1059 877 1115 est
896 1052 1003 1115 solidis
1019 1052 1236 1133 quadragInta,

144 1160 197 1215 aut
218 1153 250 1216 si.
265 1172 337 1216 cum
357 1153 512 1215 redImere
532 1154 675 1228 noluerit,
697 1154 764 1234 ipse
779 1154 923 1216 dominus
939 1154 1003 1216 eius
1019 1172 1089 1214 enm
1105 1153 1233 1220 occidat.

142 1256 182 1317 IIt
203 1256 229 1319 si
251 1254 394 1318 dominus
417 1255 482 1318 eius
505 1274 575 1316 eum
596 1255 731 1317 noluerit
751 1242 912 1329 occidere,
941 1255 1062 1318 occidat
1083 1275 1157 1317 eum
1176 1256 1234 1331 illc,

145 1358 197 1439 qui
223 1377 295 1420 eum
322 1358 571 1438 conprehensum
599 1364 697 1434 tenet;
730 1365 761 1420 et
787 1359 812 1420 si
839 1377 897 1418 nec
916 1357 967 1418 ille
988 1357 1136 1430 uoluerit,
1166 1366 1240 1419 tunc

38 1449 40 1456 ’
145 1460 276 1541 accipiat
295 1479 372 1521 eum·
388 1458 480 1522 curtis
502 1466 621 1533 nostra,
643 1466 682 1534 et,
706 1460 866 1540 quomodo
886 1466 994 1522 nostra
1015 1460 1114 1522 iussio
1136 1460 1234 1535 inerit,

145 1564 184 1623 dc
206 1581 243 1624 co
267 1563 378 1625 debeat
399 1561 554 1626 ordinare.
600 1560 673 1641 Ipse
698 1580 776 1623 uero
803 1562 946 1624 dominus
974 1562 1039 1624 eius
1069 1568 1239 1643 conponat,

144 1663 221 1725 sicut
242 1662 374 1725 edictum
395 1663 539 1737 continet,
561 1663 590 1724 ei
611 1663 659 1724 cui
680 1664 783 1743 ipsum
804 1664 919 1725 lurtum
939 1664 1055 1726 iactum
1076 1664 1180 1730 luent

495 1764 626 1847 Explicit
646 1765 685 1826 de
707 1784 789 1827 anno
811 1765 881 1831 XII.

219 1984 362 2048 INCIPIT
381 1985 435 2047 DE
455 1985 564 2048 ANNO
586 1985 883 2048 TIIRI'IODECIMO
906 1986 946 2070 (ρ.
971 1986 1043 2052 Cirr.
1065 1985 1149 2072 725).

168 2169 172 2186 ²
225 2169 292 2253 Ego
318 2169 474 2251 liutprand
501 2171 533 2232 in
561 2170 666 2234 christi
698 2171 825 2234 nomiae
851 2189 908 2232 rex
934 2172 1033 2252 gentIs
1061 2170 1245 2252 langobar-⁴

143 2274 264 2348 dorum,
287 2292 369 2334 anno
390 2273 476 2354 regni
499 2273 561 2336 mei
580 2273 818 2346 tertiodecimo,
841 2273 910 2334 diae
925 2273 1130 2335 kalendarum
1147 2291 1230 2335 mar-

144 2375 256 2438 tiarum
269 2373 436 2437 indictione
452 2377 577 2437 octaba:
601 2376 673 2436 dum
688 2393 958 2453 rememorasscm,
983 2376 1067 2456 quod
1084 2375 1234 2438 uenientis

142 2475 286 2539 homenis
307 2476 405 2539 nostri
425 2477 457 2537 in
477 2478 634 2558 presentia
661 2485 770 2538 nostra
800 2477 995 2539 adduxerunt
1024 2496 1137 2541 causas
1157 2478 1241 2540 inter·

144 2597 178 2640 se
201 2578 397 2659 altercantes,
429 2597 510 2659 quae
531 2567 588 2640 nec
614 2596 671 2658 per
696 2599 788 2641 usum
815 2579 929 2642 inimus
957 2579 1031 2641 cern·
1057 2580 1099 2641 ad
1125 2579 1236 2641 termi-

142 2679 298 2753 nandum,
326 2679 436 2741 necin
459 2680 550 2742 edicti
570 2698 703 2760 corpore
725 2687 796 2743 ante
816 2679 966 2743 insertae:
1003 2681 1135 2762 proinde
1155 2701 1237 2762 pro-

143 2780 277 2843 uidimus
311 2800 364 2844 eas
402 2801 501 2862 usque
533 2782 574 2844 ad
606 2781 688 2843 diem
726 2801 821 2862 supra
853 2784 1001 2863 scrIptum
1032 2783 1236 2845 kalendarum

145 2882 327 2945 martiarum
342 2883 541 2964 suspendere,
565 2885 638 2945 dum
653 2903 752 2965 usque
766 2883 865 2946 nostri
886 2885 926 2946 ad
941 2905 998 2948 nos
1014 2886 1237 2968 coniungerent

142 2985 276 3064 iudecis,
308 2994 340 3047 et
358 3003 514 3055 unacum
541 2985 618 3066 ipsis
647 2993 764 3047 certum
789 2985 832 3047 ibi
858 2987 1024 3049 terminum
1050 2989 1235 3051 deberemus

142 3087 308 3169 inponere,
339 3087 421 3149 unde
442 3093 554 3166 postea
574 3085 659 3149 nulla
680 3086 754 3149 essit
775 3086 913 3154 intentio.
965 3089 1049 3151 Sicut
1070 3098 1102 3152 et
1121 3090 1237 3178 iactum

144 3197 200 3265 est,
224 3196 255 3253 et
277 3191 384 3253 subter
403 3188 546 3269 leguntur
567 3187 714 3269 capitula3
736 3187 870 3269 primum
892 3191 1046 3252 omnium:

227 3295 278 3360 65.
301 3293 324 3359 I.
365 3291 412 3352 De
434 3310 472 3352 eo
497 3290 549 3371 qui
569 3289 665 3352 illlam
685 3291 718 3351 iu
744 3290 855 3371 capillo
877 3289 907 3352 In
931 3311 1004 3355 casa
1026 3293 1184 3367 hahuerit,
1207 3300 1236 3354 et

143 3394 242 3456 filium
268 3412 332 3455 non
359 3391 518 3473 reliquerit
544 3391 735 3474 legefimnm,
765 3400 799 3454 ut
825 3393 982 3457 derebus
1010 3395 1073 3458 suis
1103 3394 1238 3476 amplius

143 3480 201 3579 per
222 3497 338 3558 nullum
359 3494 480 3557 titulum
502 3495 645 3575 cuiquam
670 3494 947 3574 perdonationem
973 3504 1027 3558 aut
1050 3516 1109 3576 pro
1132 3497 1235 3558 anima

145 3618 201 3663 sua
222 3600 326 3661 iacere
346 3597 458 3680 possit,
479 3596 539 3659 nisi
552 3596 649 3679 partis
665 3598 758 3672 duas3
780 3597 871 3659 tertia
892 3617 967 3669 uero
982 3597 1137 3679 relinquat
1154 3597 1239 3659 filiae

144 3719 236 3776 suae,
266 3700 343 3763 sicut
363 3701 427 3762 iam
448 3699 584 3781 gloriose
604 3697 753 3760 memorie
772 3699 892 3762 rothari
920 3719 976 3761 rex
1002 3699 1133 3763 instituit
1156 3699 1234 3787 [cop.

147 3803 323 3889 158.159].
366 3802 447 3875 Quia
470 3803 523 3884 qui
548 3800 636 3864 thinx
663 3801 751 3876 facit,
778 3809 808 3864 et
831 3808 942 3882 postea
968 3801 1064 3863 fillum
1090 3802 1238 3874 nascitur,

143 3904 175 3965 in
196 3904 320 3967 tertIam
340 3910 463 3987 partem
484 3904 586 3985 ipsum
608 3903 696 3966 thinx
716 3904 831 3984 rumpit
857 3905 1027 3966 secundum
1049 3903 1236 3966 anteriorem

145 4006 292 4080 edictum,
323 4015 353 4069 et
374 4007 410 4069 si·
427 4007 504 4069 duas
532 4013 585 4068 aut
607 4004 754 4085 amplius,
784 4004 815 4065 in
842 4004 1040 4066 mediaetate:
1070 4004 1142 4066 ideo
1169 4023 1238 4078 nos,

144 4108 219 4170 dum
239 4109 272 4171 in
293 4109 364 4191 ipso
387 4109 488 4171 edicto
511 4108 621 4189 legitur
643 4108 681 4168 de
704 4105 790 4170 thinx
812 4107 895 4186 qnod
918 4114 966 4169 est
984 4106 1114 4169 donatio
1137 4105 1238 4191 [Itotd.

145 4204 232 4298 171],
260 4212 350 4275 nobis
373 4213 526 4294 conparit‚
555 4211 637 4291 quod
660 4229 717 4291 per
742 4209 857 4270 nullam
880 4209 1082 4271 donationem
1104 4227 1162 4270 nec
1181 4225 1242 4288 per
