2574 4710
93 317 154 382 168
378 317 542 381 EDICTVS
561 315 930 380 LANGOBARDORVM.

91 501 208 577 domini
229 501 286 574 sui,
309 511 388 565 etse
409 503 554 566 dominus
576 521 685 564 eorum
699 522 757 583 per
771 508 1000 565 sacramentum
1015 498 1179 580 purificare

92 622 188 666 ausus
214 602 321 677 fuerit,
349 605 432 685 quod
461 625 530 667 cum
557 605 622 667 eius
655 603 847 675 uoluntatem
873 622 931 664 nec
964 598 1096 664 consilio
1127 621 1180 662 nec

93 723 281 767 consensum
301 705 417 768 factum
438 727 501 768 non
522 707 639 769 fuissit:
662 707 745 770 serui
764 706 824 787 ipsi
845 705 1008 768 tradantur
1021 704 1054 767 in
1075 723 1178 767 manus

93 808 261 870 mundoald
277 809 353 882 eius,
373 816 404 871 et
416 808 484 888 ipse
497 809 591 871 faciat
606 809 645 870 de
660 809 704 871 eis
720 808 804 889 quod
820 808 848 871 ei
862 806 1028 887 placuerit3
1051 805 1179 886 amplius

91 918 243 990 patronus
258 911 413 973 calomnia
427 931 492 973 non
504 911 630 982 habeat
658 912 697 972 Et
712 911 739 973 si
752 911 856 972 iurare
871 929 935 971 non
949 907 1177 990 presumpserit,

93 1020 258 1092 conponat,
280 1013 358 1076 sicut
380 1010 476 1094 sup'ra
496 1012 618 1094 legitur,
640 1013 758 1076 solidos
779 1020 965 1093 nongentos.

179 1152 227 1216 16.
271 1151 335 1216 Vll.
368 1151 399 1213 Si
422 1152 490 1232 quis
511 1151 722 1233 langobardus
745 1170 815 1212 cum
836 1132 1053 1230 pontificibus,
1083 1149 1175 1208 abba-

91 1253 189 1325 tibus,
218 1252 269 1313 uel
295 1253 473 1316 custodibus
500 1254 698 1316 ecclesiarum
721 1272 786 1316 seo.
800 1251 1088 1314 exenodochiorum
1109 1269 1176 1330 pre-

91 1353 200 1432 positis
217 1355 256 1414 de
272 1354 517 1436 quibuscumque
530 1358 624 1418 rebus
640 1354 886 1417 conuenientiam
900 1353 1016 1426 fecerit,
1036 1360 1069 1413 et
1083 1370 1176 1431 poena

91 1455 171 1516 iuter
193 1475 227 1517 se
248 1464 353 1535 partes
375 1447 643 1539 obligauerint,'et
656 1456 790 1519 heredes
806 1456 857 1518 uel
871 1455 1105 1518 successoribus
1119 1456 1176 1516 suis

93 1551 324 1638 conligauerint,
341 1567 371 1621 et
384 1559 489 1621 idonei
503 1559 638 1622 bominis
652 1558 852 1633 interfuerint,
867 1577 929 1622 non
941 1557 1067 1638 possint
1075 1563 1176 1636 postea

93 1662 133 1722 ab
162 1679 271 1722 eorum
300 1662 531 1724 successoribus
559 1661 730 1736 remoueri,
758 1661 836 1724 sicut
861 1679 919 1721 nec
945 1657 1121 1721 remouitur
1144 1661 1175 1720 ab

94 1761 206 1824 eodem
243 1762 453 1843 langobardo,
488 1771 618 1844 excepto
645 1763 671 1826 si
699 1782 781 1844 pena
809 1762 977 1843 obligatam
1009 1779 1176 1840 conponere

93 1862 237 1930 uoluerit.
288 1865 318 1926 Si
347 1885 424 1927 uero
454 1865 728 1927 commutationem
760 1865 891 1925 fecerint
918 1864 957 1924 de
986 1861 1068 1924 casis
1099 1861 1172 1924 terris

93 1965 145 2027 uel
166 1966 306 2040 familiis,
334 1974 365 2028 et
390 1968 503 2029 suerint
527 1968 608 2028 inter
635 1967 748 2029 missus
775 1965 856 2046 regis
878 1966 930 2026 uel
950 1963 1111 2044 pontificis
1131 1982 1175 2026 seo

66 2110 68 2114 ι
93 2067 210 2131 iudices
233 2076 287 2130 aut
307 2071 387 2132 tales
408 2070 544 2133 bominis
565 2078 643 2144 tres,
673 2089 805 2150 quorum
827 2067 907 2130 fides
931 2066 1130 2138 ammittitur,
1154 2073 1179 2126 et

93 2189 144 2232 res
177 2170 339 2233 meliorata
372 2170 401 2232 ei
431 2171 569 2252 paruerit
600 2181 689 2245 tunc,
725 2171 850 2251 quando
881 2170 950 2249 ipsa
983 2167 1178 2230 commutatio

93 2271 175 2334 lacta
196 2273 297 2348 luerit,
320 2274 404 2354 quod
425 2293 500 2353 pars
521 2272 581 2333 loci
601 2272 739 2354 religiosi
760 2271 916 2353 suscipiat,
942 2271 1026 2331 nullo
1048 2270 1082 2331 iu
1104 2278 1179 2333 tem-

66 2412 68 2417 ·
93 2393 171 2453 pore
192 2383 303 2454 postea
319 2378 358 2437 ab
377 2393 486 2436 eorum
508 2375 741 2438 successoribus
757 2380 965 2443 remoueatur,
989 2371 1046 2432 sed
1062 2388 1179 2450 semper

94 2477 295 2538 commutatio
316 2477 386 2558 ipsa
407 2476 505 2539 firmis
528 2485 728 2556 permaneat;
757 2483 788 2537 et
810 2476 836 2537 si
856 2491 1023 2535 remouere
1043 2471 1180 2544 uoluerit,

94 2597 197 2658 poena
219 2578 298 2640 inter
319 2598 353 2641 se
375 2578 527 2660 conligata
550 2586 707 2658 conponat
727 2595 801 2656 pars
827 2576 911 2656 ipsa,
940 2574 992 2655 qui
1020 2592 1180 2636 remouere

96 2679 239 2745 uoluerit.

180 2820 228 2884 17.
273 2818 349 2885 Vlll.
380 2820 522 2880 Relatum
551 2825 598 2880 est
624 2817 729 2891 nobis,
763 2817 847 2899 quod
876 2834 957 2877 nunc
985 2835 1088 2895 usque
1116 2814 1180 2877 talis

94 2918 195 2980 fuissit
225 2921 423 2994 consuitudo,
453 2928 487 2982 ut
514 2919 702 2982 monasteria
730 2918 779 2979 uel
805 2918 925 2999 reliqua
951 2915 1022 2977 loca
1049 2935 1181 2977 uenera-

95 3019 176 3093 bilia,
200 3023 311 3103 quein
335 3021 515 3085 defensione
537 3021 616 3085 sacri
637 3020 743 3103 palatii
764 3039 834 3082 esse
855 3026 1034 3090 noscuntur,
1061 3016 1181 3099 conpo-

95 3122 206 3184 sitione
228 3122 321 3185 dubla
343 3131 526 3204 exegessent
547 3126 586 3185 ab
601 3123 801 3194 bominibus,
831 3121 936 3203 quiin
957 3122 1027 3199 ipsa
1050 3139 1182 3182 uenera-

94 3223 168 3286 bilia
194 3226 264 3288 loca
291 3244 470 3306 conponere
496 3224 664 3298 deuebant,
698 3225 777 3287 sicut
808 3223 902 3285 curtis
933 3221 1020 3303 regia
1054 3240 1182 3304 exegere

95 3326 226 3392 uidetur.
268 3326 356 3388 Nunc
379 3335 482 3388 autem
504 3325 677 3402 statuimus,
699 3334 734 3387 ut
754 3323 952 3396 monasteria,
975 3324 1114 3386 baselica
1136 3324 1182 3386 uel

96 3428 310 3490 exenodocbia
327 3448 387 3512 que
403 3429 443 3490 ad
458 3428 564 3509 palatii
586 3427 766 3489 defensione
789 3446 858 3489 esse
880 3426 1033 3496 uidentur,
1056 3427 1084 3488 si
1106 3446 1182 3488 oon-

94 3530 281 3608 positionem
304 3549 435 3612 exegere
457 3529 632 3603 debuerint,
659 3548 722 3589 non
752 3535 884 3608 exegant
913 3526 991 3590 sicut
1020 3529 1061 3589 de
1089 3547 1181 3591 causa

94 3631 180 3711 regia
207 3633 350 3704 dublum,
377 3632 441 3694 nisi
463 3632 541 3694 sicut
567 3630 627 3693 alia
648 3629 836 3692 uenerabilia
857 3628 926 3691 loca
948 3637 1096 3711 exegunt,
1126 3649 1182 3711 que

95 3731 136 3792 ad
157 3731 273 3811 palatio
295 3753 359 3794 nou
379 3739 571 3813 perteueunt.

180 3861 228 3925 18.
260 3861 352 3924 Vllll.
379 3863 410 3924 Si
426 3863 493 3944 quis
514 3863 723 3944 langobardus
744 3861 970 3943 qualecumque
984 3880 1051 3922 rem
1067 3881 1184 3942 posse—

95 3961 182 4037 derit,
213 3969 244 4024 et
264 3965 407 4026 custodes
428 3965 569 4027 locorum
592 3963 813 4025 uenerabilium
836 3963 875 4024 de
896 3963 971 4044 ipsis
993 3965 1090 4026 rebus
1114 3982 1184 4025 eum

94 4061 317 4137 molestauerit,
347 4073 377 4127 et
405 4065 473 4145 ipse
500 4066 732 4146 possessionem
760 4084 848 4127 suam
876 4067 915 4127 de
943 4065 1069 4146 triginta
1096 4065 1183 4129 anuis

94 4163 328 4243 consignauerit,
345 4174 375 4226 et
390 4167 455 4228 cius
471 4167 613 4230 claruerit
628 4168 797 4246 possessio,
817 4170 987 4247 possedeat
1001 4174 1032 4228 et
1045 4167 1183 4229 inantea.
