2574 4710
161 334 353 396 nonnosus
375 333 561 420 amnone
584 334 782 408 eternum,
805 333 929 415 pour.
951 335 1022 400 eoo.
1089 336 1148 400 nc

62 519 211 603 quoniam
241 519 355 583 iustum
386 519 520 592 uidetur,
553 527 588 582 ut
619 520 716 601 magis
744 519 793 583 his
823 520 876 601 qui
899 520 980 581 ¹illud
1013 519 1147 600 pretium

61 621 162 695 dedit,
192 623 323 683 eandem
344 641 411 683 rem
429 621 606 702 possideat,
637 642 730 703 quam
750 623 801 684 ille
824 623 876 704 qui
901 623 1001 686 solam
1024 621 1147 702 obliga-

58 723 178 785 tionem
198 723 340 786 retinent.
1058 781 1060 785 .

145 827 174 890 6.
219 825 250 886 Si
277 826 344 905 quis
371 825 532 900 iurauerit,
560 833 592 888 et
617 826 772 907 cognitum
799 826 892 887 fuerit
913 827 1023 889 certius
1045 826 1146 901 iudici,

60 926 144 1006 quod
158 925 357 1006 periurasset,
373 933 426 988 aut
439 926 555 989 famam
570 928 715 990 habuerit
727 927 916 1008 periurandi,
931 928 958 991 si
972 928 1147 990 calumnia-

58 1037 110 1090 tor
130 1028 332 1091 intentionem
348 1029 555 1109 proposuerit,
577 1031 661 1110 quod
675 1038 747 1092 tunc
760 1030 959 1110 periurasset,
982 1049 1020 1090 ex
1034 1028 1146 1091 iudicio

57 1129 166 1192 iudicis
188 1149 245 1210 per
264 1150 401 1218 pugnam
423 1133 451 1192 ei
473 1135 639 1212 approbet,
662 1135 747 1214 quod
767 1116 901 1195 iurasset
919 1132 1086 1208 fallaciter;
1116 1138 1148 1193 et

57 1239 172 1312 postea
193 1231 276 1312 ipse,
302 1233 354 1314 qui
374 1234 500 1308 iurauit,
529 1236 690 1317 persoluat
710 1235 738 1296 ei
758 1234 918 1308 iustitiam,
946 1236 973 1298 si
994 1234 1146 1307 ceciderit,

59 1332 144 1396 iuxta
165 1334 257 1396 edicti
276 1342 417 1397 tenorem
440 1336 568 1421 [Ltutpr.
592 1337 674 1422 144}

144 1439 175 1502 7.
219 1435 250 1497 Si
272 1456 377 1516 casam
398 1439 449 1499 uel
477 1458 669 1522 quacumque
691 1459 757 1501 rem
778 1440 887 1521 aliquis
909 1459 966 1520 per
991 1438 1146 1500 munimen

58 1537 202 1599 habuerit
223 1547 254 1600 et
274 1540 457 1619 possederit,
485 1549 516 1603 et
535 1541 609 1603 illud
631 1543 787 1603 munimen
809 1542 990 1625 perignem
1011 1549 1065 1603 aut
1085 1541 1145 1602 de-

58 1641 274 1720 predationem
294 1649 406 1721 postea
427 1644 572 1718 amiserit,
600 1652 630 1706 et
651 1652 796 1707 causator
818 1645 1003 1726 quicumque
1025 1643 1144 1716 dixerit,

57 1741 208 1822 quoniam
231 1744 341 1803 eadem
363 1764 436 1807 casa
450 1746 501 1807 uel
522 1766 583 1819 res,
606 1764 699 1827 quam
721 1747 870 1827 possidet,
893 1747 920 1807 ei
942 1748 1055 1807 debeat
1068 1765 1145 1825 per-

56 1844 157 1905 tinere
184 1844 340 1925 legaliter:
370 1856 500 1927 preueat
525 1857 752 1910 sacramentum
778 1849 860 1910 idem
886 1840 1054 1929 possessor
1075 1867 1144 1908 cunr

55 1947 247 2026 parentibus,
275 1949 359 2027 quod
382 1950 420 2009 de
443 1951 552 2010 eadem
574 1969 649 2024 rem,
677 1951 728 2012 uel
749 1969 822 2013 casa
842 1946 965 2011 ueracia
986 1948 1146 2011 habuisset
1251 1978 1253 1982 ⁸

57 2048 236 2121 munimina,
259 2050 313 2111 sed
325 2068 367 2110 ea
381 2070 438 2130 per
452 2051 530 2133 igne,
552 2059 605 2113 aut
626 2052 797 2114 azalatione
813 2071 867 2114 seu
890 2050 1144 2131 depredationem

57 2149 254 2230 perdidisset.
288 2150 318 2212 Si
340 2170 416 2213 uero
431 2152 490 2226 his,
513 2154 565 2234 qui
588 2155 776 2235 quaerellam
792 2153 897 2228 mouit,
919 2152 1003 2232 prius
1020 2151 1146 2232 elegerit

54 2251 98 2312 illi
110 2251 190 2312 uelle
201 2271 258 2331 per
268 2272 403 2338 pugnam
415 2256 601 2336 approbare,
617 2254 702 2318 solus
717 2256 805 2329 iuret,
821 2255 874 2336 qui
886 2255 988 2335 ipsam
1003 2252 1143 2326 tenuerit,

59 2373 274 2435 quaecumque
300 2356 401 2418 tuerit*
418 2376 484 2430 res,
514 2364 544 2418 et
572 2357 615 2418 sic
637 2359 677 2419 ad
698 2377 802 2439 pugna
823 2364 980 2440 pergatur.
1021 2355 1143 2418 Etenim

43 2436 318 2518 'considerandum
340 2466 387 2520 est
409 2466 439 2520 et
460 2459 611 2521 ueraciter
633 2461 829 2533 credendum,
851 2458 920 2520 fieri
940 2456 1089 2538 potuisse,
1111 2464 1144 2518 ut

60 2557 144 2621 multi
166 2577 223 2620 sua
245 2560 421 2633 munimina,
443 2562 527 2623 uelut
548 2561 661 2623 dictum
683 2570 739 2636 est,
762 2560 922 2624 amiserint
941 2567 972 2622 et
992 2559 1142 2632 amittant,

57 2659 131 2720 dum
155 2670 185 2722 et
209 2661 324 2740 oppida
345 2669 376 2723 et
396 2661 488 2726 uillae
513 2663 666 2744 plurimae
688 2683 707 2725 a
734 2663 862 2744 paganis
886 2670 1041 2723 crematae
1063 2670 1143 2733 sunt,

56 2770 88 2824 et
114 2758 229 2847 nostris
257 2764 446 2844 exigentibus
475 2766 591 2828 meritis
616 2766 739 2846 saepius
767 2771 941 2827 cremantur
963 2772 994 2826 et
1019 2763 1144 2844 disper-

56 2865 185 2924 duntur:
207 2865 342 2946 ideoque
355 2867 494 2948 iniquum
510 2869 638 2942 uidetur,
662 2875 696 2930 ut
708 2867 819 2930 talibus
835 2866 1011 2928 accidentiis
1027 2867 1143 2928 amisso

55 2966 226 3026 munimine
248 2967 356 3048 aliquis
371 2969 402 3029 id
424 2971 543 3049 perdat,
566 2971 593 3032 si
614 2971 769 3031 munimen
791 2968 863 3029 inde
880 2988 944 3029 non
966 2967 1144 3041 ostenderit,

55 3069 141 3149 quod
163 3069 229 3129 iure
251 3070 280 3130 ei
302 3071 439 3161 cpnpetit
458 3071 586 3136 habere.

140 3171 171 3234 8.
214 3171 437 3234 luconueniens
453 3174 661 3253 usquemodo
677 3172 867 3234 consuetudo
883 3171 989 3244 extitit,
999 3178 1039 3252 ut
1054 3170 1143 3250 quis-

55 3271 125 3352 quis
138 3272 296 3346 uoluisset,
312 3273 339 3336 si
349 3284 465 3347 nosset,
482 3275 617 3337 scribere
632 3277 769 3346 breuem,
784 3273 999 3353 undecumque
1010 3278 1144 3352 oportu-

55 3374 137 3436 nitas
167 3376 329 3455 exegisset.
370 3376 492 3438 Amodo
523 3385 626 3439 autern
655 3375 857 3448 decernimus,
890 3383 923 3437 ut
945 3374 1004 3437 soli
1032 3374 1144 3436 notarii

56 3479 185 3538 breuem
208 3477 357 3551 scribant,
387 3478 464 3540 sicut
486 3485 516 3539 et
538 3486 641 3541 cetera
663 3478 840 3541 munimina.
883 3477 921 3539 Et
943 3466 1144 3557 quiscumque

56 3578 202 3659 deinceps
218 3580 321 3643 brebis
337 3581 448 3642 fuerint
462 3582 581 3661 absque
594 3580 706 3640 notarii
721 3580 978 3660 subscriptionem
989 3586 1143 3651 ostensus,

55 3683 172 3743 nullam
194 3682 325 3745 retineat
345 3683 539 3757 firmitatem3
570 3682 716 3762 quoniam
744 3683 856 3744 multos
879 3702 918 3743 ex
938 3681 998 3744 illis
1026 3682 1143 3762 depre-

55 3784 222 3847 hendimus
243 3785 339 3847 fuisse
360 3785 471 3859 falsos,
500 3785 598 3866 quod,
627 3785 686 3846 deo
714 3783 896 3865 opitulante,
926 3783 1078 3863 cupimus,
1110 3790 1143 3844 ut
1182 3778 1184 3782 ’

56 3887 183 3950 ulterius
205 3908 269 3950 non
290 3887 357 3950 fiat.

460 3968 569 4055 [FlNlS
591 3967 741 4053 nolent]
