2574 4710
91 350 132 414 aa
307 345 472 408 sororvs
493 344 672 408 nonnum
693 345 776 410 can.
798 324 977 413 ass-232.

92 533 230 615 quinque
244 531 336 594 fuerit
351 531 522 612 possessio,
546 539 617 591 tunc
631 531 682 591 ille
698 529 750 613 qui
764 530 914 610 possedit,
937 539 991 593 aut
1006 549 1064 610 per
1078 548 1180 591 saera-

92 641 231 696 mcutum
245 635 359 695 debeat
380 652 504 715 negare,
528 640 582 694 aut
602 652 659 713 per
680 651 785 714 pugna
801 632 979 708 defendero,
1002 631 1029 694 si
1043 632 1179 712 potuerit.

178 739 250 801 229.
294 735 355 808 Qui
382 754 449 796 rem
476 734 610 796 alienam
632 742 702 797 asto
724 733 907 800 uiudederit.
964 733 996 794 Si
1024 734 1094 814 quis
1121 753 1180 795 rem
1230 796 1235 825 ,Ι

93 839 243 910 alienam,
273 837 305 898 id
328 846 376 899 est
396 855 523 899 seruum
551 844 605 898 aut
632 836 791 908 ancillam,
821 855 877 897 seu
907 835 984 897 alias
1012 855 1063 898 res
1092 834 1179 898 sciens

95 961 164 1002 rem
185 940 319 1001 alienam
341 958 422 1014 esse,
444 959 508 1000 non
530 957 630 1012 suam,
658 938 845 1020 ubicumque
867 936 1137 1012 trausuindcderit,
1156 945 1181 998 et
1231 952 1235 995 ε

94 1042 255 1102 inuentum
277 1049 332 1102 aut
352 1026 521 1121 pronatum
541 1041 642 1118 fuerit,
664 1041 695 1101 in
718 1040 852 1121 actugild
875 1059 946 1101 eam
968 1039 1120 1104 restituat.
1150 1038 1181 1099 Et
1233 1066 1235 1115 ς

94 1144 201 1223 siper
227 1143 435 1224 ignorantiam
461 1143 650 1215 uindederit,
677 1150 750 1204 tunc
775 1149 926 1222 pracueat
952 1147 1180 1212 sacramentum,

96 1246 183 1325 quod
205 1245 335 1307 credens
358 1264 450 1306 suum
471 1244 670 1319 uiudedissi13
700 1245 811 1305 reddat
833 1250 926 1322 caput
947 1262 1018 1303 cum
1039 1241 1180 1304 notrimeu

98 1367 167 1421 sno,
190 1345 325 1426 qualiter
346 1364 381 1406 se
403 1345 472 1407 sit.¹

182 1450 254 1513 230.
297 1447 344 1506 De
365 1447 518 1526 mancipio
540 1446 678 1512 lebroso.
716 1447 837 1527 Siquis
861 1446 1080 1527 conparauerit
1102 1463 1183 1506 mau-

99 1548 221 1636 eipium,
244 1556 275 1609 et
296 1557 408 1627 postea
429 1547 573 1611 lebrosus
603 1558 657 1611 aut
678 1549 880 1611 demoniosus
904 1548 1097 1628 apparuerit,
1124 1555 1184 1608 tunc

101 1650 238 1729 uinditor
264 1649 291 1711 si
317 1649 458 1729 pulsatus
491 1649 599 1725 luerit,
631 1659 764 1730 preueat
794 1659 1025 1713 sacramentum
1058 1647 1185 1731 singulus

101 1753 185 1837 [cap.
206 1749 290 1834 366],
313 1751 397 1831 quod
411 1751 442 1811 in
457 1750 645 1813 conscientia
665 1753 761 1833 ipsius
785 1753 824 1812 de
845 1753 915 1832 ipsa
935 1751 1116 1813 infirmitate
1133 1768 1187 1810 uon

100 1853 210 1927 fuissit,
233 1853 357 1933 quaudo
381 1870 452 1912 eum
472 1851 619 1928 uindedit,
641 1862 673 1916 et
694 1854 827 1935 amplius
848 1873 912 1915 non
935 1854 1147 1918 calomnietur.

196 1958 269 2020 231.
322 1955 368 2014 De
406 1954 517 2015 ancilla
554 1964 735 2034 conparata.
805 1955 836 2016 si
876 1956 943 2035 quis
981 1953 1191 2034 conparauerit

101 2057 255 2130 ancillam,
279 2064 309 2118 et
330 2063 442 2137 postea
464 2057 584 2118 uenerit
605 2056 684 2118 alter
704 2056 811 2129 homo,
838 2057 891 2136 qui
913 2075 983 2118 eam
1005 2075 1097 2118 suam
1118 2055 1192 2116 dicat

103 2177 183 2232 esse,
206 2164 363 2219 raucitant
385 2157 501 2237 pariter
523 2159 563 2219 ad
585 2167 756 2224 auctorem.
810 2160 896 2219 Tunc
917 2166 1026 2220 auctor
1047 2157 1074 2219 si
1096 2155 1193 2218 uindi-

102 2280 176 2323 care
203 2279 266 2321 non
293 2260 443 2340 potuerit,
476 2268 627 2340 praeueat
651 2268 894 2334 sacramentum,
928 2259 1013 2340 quod
1040 2257 1195 2320 consciens

104 2384 167 2424 non
189 2362 229 2424 sit
249 2361 364 2433 fraudi,
396 2381 454 2422 nec
475 2363 560 2424 nullo
583 2361 728 2425 conludio
750 2362 882 2438 fecissit3
916 2361 1028 2422 reddat
1048 2359 1197 2440 praetium

104 2470 237 2536 tantum,
261 2463 463 2542 quantumin
486 2464 556 2526 diae
581 2464 635 2525 illa
657 2465 784 2544 quaudo
814 2483 885 2525 eam
912 2462 1047 2527 tradedit
1076 2458 1197 2539 aceepit,

32 2614 36 2620 .
106 2572 138 2625 et
171 2564 283 2627 ancilla
315 2564 385 2643 ipsa
413 2567 542 2646 proprio
572 2566 698 2628 domino
726 2567 917 2630 restituatur.
970 2564 1009 2625 Et
1034 2562 1062 2626 si
1092 2560 1199 2624 ancilla

105 2667 174 2745 ipsa
195 2674 267 2746 post
289 2675 430 2745 emptore
452 2666 534 2730 filius
556 2668 671 2741 fecerit,
694 2677 766 2730 tunc
786 2667 838 2728 ille
854 2668 905 2748 qui
928 2686 999 2729 eam
1019 2667 1107 2744 prius
1130 2663 1199 2724 uin-

105 2768 192 2830 dcdit
213 2775 244 2828 ct
264 2768 421 2829 uindicare
443 2789 505 2831 non
533 2769 681 2849 potuerit.
711 2769 842 2850 qualiter
864 2787 898 2831 se
921 2768 974 2841 sit,
998 2764 1082 2828 filius
1104 2765 1198 2844 ipsius

106 2889 164 2951 per
192 2889 250 2932 suo
279 2869 443 2954 dispendio
470 2869 662 2950 reconparit,
693 2880 725 2932 et
749 2870 878 2952 proprio
902 2867 1028 2929 domino
1055 2867 1202 2939 retrudat,

108 2972 251 3052 quatinus
273 2970 329 3031 filii
350 2979 449 3032 matre
471 2980 651 3051 sequautur.
699 2971 738 3034 Et
760 2972 787 3033 si
808 2979 917 3033 auctor
944 2980 1086 3057 mortuus
1111 2969 1203 3030 fuerit

107 3074 175 3136 sinc
196 3072 321 3134 heredis
343 3072 516 3153 legittimus,
540 3080 570 3133 ct
589 3073 721 3136 facultas
743 3073 840 3153 ipsius
863 3074 999 3134 auctoris
1022 3072 1061 3133 ad
1086 3078 1203 3132 curtem

107 3175 188 3256 regis
211 3173 372 3248 ceciderit,
402 3174 488 3237 nulla
509 3175 730 3256 sitrcpetitio3
759 3174 803 3238 sic
824 3181 944 3252 tamen,
973 3181 1008 3235 ut
1028 3173 1074 3233 dit
1094 3189 1203 3235 sacra-

108 3284 255 3349 mentum,
278 3277 361 3356 quod
378 3276 417 3336 de
430 3277 499 3356 ipso
516 3278 719 3358 conparassit,
741 3277 827 3338 cuius
849 3294 899 3337 res
922 3276 962 3337 ad
984 3282 1104 3341 eurtcm
1125 3272 1203 3354 regis

106 3380 293 3443 ceciderunt.

192 3483 264 3546 232.
306 3480 354 3540 De
376 3479 498 3541 caballo
521 3492 704 3562 conparato.
758 3480 790 3542 Si
819 3479 887 3561 quis
917 3479 1070 3540 caballum
1099 3478 1208 3540 emerit

107 3591 140 3644 et
162 3589 320 3644 auctorem
342 3581 545 3662 ignorauerit,
573 3592 603 3645 et
625 3582 745 3644 uenerit
766 3593 868 3644 certus
890 3582 1003 3657 homo,
1032 3580 1085 3661 qui
1106 3580 1207 3660 ipsum

108 3684 264 3745 caballum
285 3703 377 3746 suum
400 3683 490 3760 dieat,
514 3690 586 3745 tunc
600 3684 651 3745 ille
668 3684 721 3765 qui
735 3685 818 3756 emit,
841 3684 868 3746 si
887 3690 920 3745 ut
938 3682 1070 3745 diximus
1094 3693 1207 3745 aucto-

109 3805 177 3847 rem
205 3804 269 3845 nou
298 3783 460 3860 habuerit,
495 3805 552 3846 nec
574 3787 632 3848 scit
661 3786 700 3846 de
723 3805 784 3866 quo
814 3787 1024 3866 conparassit:
1057 3771 1212 3866 praebeat

109 3892 339 3950 sacramentum
367 3897 504 3967 emptor,
533 3887 606 3969 quia
634 3906 692 3948 nec
712 3887 763 3948 fur
785 3887 838 3962 sit,
864 3907 923 3949 nee
953 3888 1072 3968 collega
1094 3886 1209 3956 turoni,

112 4025 132 4095 ¹)
151 4027 197 4080 Sic
216 4029 294 4081 etiam
314 4041 372 4095 cap.
390 4025 442 4096 231
470 4029 538 4082 med.
560 4044 589 4080 ss
615 4044 673 4081 esse
699 4050 735 4074 =
760 4027 812 4083 sili
830 4042 897 4092 esse,
923 4041 953 4081 sc
970 4029 1068 4082 latere
1093 4028 1209 4098 qualiter

111 4115 162 4170 seit
181 4119 259 4171 ctiam
282 4117 455 4174 Vercctleasr's
474 4123 593 4190 utroque,
612 4119 774 4174 Herotdinas
793 4120 880 4174 codes
898 4119 1014 4173 secundo
1039 4118 1098 4171 loco
1117 4117 1210 4179 ΛΜΗ

112 4207 228 4279 qualiter
247 4207 297 4260 sibi
317 4209 368 4263 scit
386 4208 548 4265 Heroldinus
566 4213 651 4279 primo
669 4212 736 4265 loco.
