2574 4710
82 334 153 397 'tto
196 327 433 401 utrumnum
453 326 579 387 nuans
599 290 694 385 nuru
715 325 832 391 xxm.-
853 326 938 392 can
960 326 1029 391 152.
1056 327 1125 390 raa

29 588 34 592 ,
92 516 222 595 porcis,
245 520 275 574 et
297 512 441 585 occiserit
462 528 669 591 porco‘uno,
685 510 729 572 sic
751 509 791 571 sit
812 509 1051 574 siout'anterr'or
1073 508 1190 572 edictus

94 615 231 678 contenit
253 614 355 698 [eost.
367 616 439 679 349.
451 612 534 697 3501.
548 644 561 653 ··
572 612 603 672 Si
625 611 750 692 quidem
768 618 890 672 tantum
905 611 1015 672 dec'em
1037 611 1192 674 inuenerit

94 725 125 778 et
145 716 214 797 plus
238 715 378 796 occiserit
400 733 494 795 quarn
516 708 633 775 edictus
655 713 751 786 habit,
774 721 933 792 conponat
953 731 1025 774 eum
1047 712 1081 772 in
1101 710 1193 774 acto-

94 819 166 899 gild,
196 817 274 879 sicut
295 817 347 897 qui
374 816 458 877 malo
486 815 596 876 ordine
625 834 675 877 res
705 810 823 876 alienas
845 814 932 881 tullit.
983 815 1062 876 Nam
1086 814 1116 876 si
1143 814 1194 874 ille

93 920 191 982 homo
214 919 266 999 qui
294 919 380 998 ipsos
408 936 522 998 porcos
545 916 647 989 habit,
678 916 810 996 amplius
839 916 958 978 miserit
987 924 1060 979 asto
1089 916 1193 978 animo

95 1040 169 1084 suos
198 1028 252 1081 aut
281 1021 399 1081 alienus
430 1019 462 1079 in
492 1019 654 1080 defensum
682 1037 775 1099 quarn
804 1019 921 1080 edictus
949 1016 1053 1092 habit,
1084 1026 1117 1080 et
1143 1018 1193 1078 ille

96 1124 181 1184 cuius
205 1122 284 1184 silua
307 1130 355 1184 est
369 1121 513 1184 occiserit
534 1140 573 1181 ex
594 1122 681 1200 ipsos
704 1120 773 1200 plus
790 1139 889 1200 quam·
906 1119 1024 1183 edictus
1048 1120 1193 1192 contenit,

94 1245 158 1286 non
180 1223 409 1304 requirantur„
430 1224 468 1285 Et
491 1223 516 1285 si
537 1222 602 1295 ille,
626 1221 678 1302 qui
698 1226 812 1301 porcds
835 1221 966 1294 miserit,
989 1222 1097 1284 iurare
1118 1233 1193 1301 pre·

97 1326 278 1407 sumpserit,
318 1326 403 1404 quod
437 1334 506 1387 a'sto
535 1344 598 1385 non
628 1323 769 1397 misissit,
808 1323 867 1386 nisi
901 1325 968 1386 sine
999 1323 1192 1386 uoluntatem

95 1428 193 1508 ipsius
210 1426 340 1498 domini,
362 1427 474 1487 reddat
488 1426 554 1499 ille,
578 1426 635 1504 qul
646 1424 767 1501 occisit,
783 1425 870 1505 ipsos
886 1429 999 1506 porclts
1015 1425 1191 1506 ferquidem

97 1542 127 1592 et
150 1532 174 1592 si
199 1530 238 1589 de
259 1536 387 1608 pastore
410 1546 467 1588 suo
495 1527 636 1588 similiter
662 1526 828 1600 iurauerit,
851 1527 992 1589 similiter
1013 1527 1191 1588 reddantur.

96 1632 177 1693 Nam
200 1631 227 1693 si
249 1631 288 1690 de
309 1637 452 1710 pastores
469 1629 509 1688 de
524 1636 593 1690 asto
607 1629 713 1690 iurare
727 1648 791 1689 non
806 1629 1048 1709 presumpserit,
1073 1628 1190 1688 medie-

98 1742 163 1796 tate
191 1733 378 1803 reddantur‚
412 1738 443 1791 et
476 1730 675 1792 medietatem
710 1730 826 1811 repetit
856 1731 935 1804 sibi,
958 1730 1043 1811 vqnia
1071 1750 1189 1793 seruum

97 1835 209 1896 habuit
232 1832 501 1913 indisciplinatum.

185 1938 254 2000 152.
276 1936 318 1996 X.
368 1934 400 1995 Si
429 1935 632 2014 quiscumque
664 1935 762 1995 homo
797 1934 849 2013 qui
879 1942 927 1996 est
961 1934 1114 2014 prodicus
1146 1941 1189 1996 ant

98 2037 277 2109 naufraeus,
301 2037 353 2117 qui
375 2036 558 2098 uendederit
579 2044 636 2098 aut'
654 2035 851 2116 dissipauerit
878 2037 1087 2121 substantiam
1103 2050 1190 2099 ‘suan

100 2149 131 2201 et
152 2160 216 2201 non
238 2139 325 2200 habit
354 2138 435 2198 unde
464 2139 712 2218 conpositionem
739 2138 856 2214 faceat,
882 2147 918 2199 -et
944 2138 1053 2199 fecerit
1083 2138 1191 2201 furtum

101 2248 154 2302 aut
175 2241 362 2302 adulterium
385 2246 438 2300 aut
459 2239 658 2312 scandalum,
687 2247 717 2300 et
738 2240 845 2319 placas
875 2240 936 2302 alio
959 2232 1091 2301 homine
1113 2241 1190 2301 intu-

99 2342 178 2414 lerit,
202 2350 233 2403 et
252 2341 345 2403 fuerit
366 2341 434 2422 ipsa
449 2340 624 2423 conpositio
645 2340 770 2402 ualente
785 2341 891 2422 uiginti
912 2341 1004 2404 solidi
1020 2349 1076 2404 aut
1091 2360 1192 2422 supra:

102 2445 179 2505 dare
207 2463 278 2504 eum
306 2444 419 2507 debeat
449 2444 588 2524 publicus
611 2443 643 2513 in
670 2461 765 2504 manu
792 2444 875 2515 eius,
906 2444 952 2504 cui
980 2444 1057 2506 istas
1089 2462 1195 2506 causas

101 2543 242 2607 inlecitas
263 2545 345 2616 fecit,
369 2552 400 2607 et
420 2545 488 2624 ipse
504 2564 575 2605 eum
589 2544 706 2605 habeat
719 2564 778 2624 pro
794 2564 896 2611 seruo.
930 2546 962 2607 si
977 2555 1083 2608 autem
1099 2545 1197 2606 minus

103 2647 143 2707 de
164 2646 279 2726 uigenti
304 2645 411 2708 solidis
433 2645 527 2732 suerit
540 2645 609 2726 ipsa
626 2645 813 2725 conpositio,
837 2646 1197 2731 sicut.solitfie1iusque

103 2748 143 2808 ad
167 2766 222 2809 sex
245 2755 298 2808 aut
319 2747 483 2807 duodecim
499 2747 631 2820 solidos,
653 2755 725 2808 tunc
740 2749 853 2809 debeat
873 2768 945 2810 eum
966 2751 1108 2830 publicus
1125 2752 1198 2811 dare

101 2849 133 2909 in
150 2867 277 2910 manum
292 2849 368 2922 eius,
384 2849 431 2910 cui
446 2849 508 2911 tale
524 2829 614 2930 culpe
628 2849 744 2922 fecerit,
760 2869 817 2929 pro
835 2869 927 2912 seruo
938 2850 969 2913 in
982 2872 1020 2913 eo
1032 2853 1154 2926 ordine,
1168 2859 1201 2912 ut

104 2948 221 3012 seruiat
235 2950 263 3011 ei
279 2959 382 3013 tantos
398 2971 508 3024 annos,
527 2958 561 3012 ut
574 2951 643 3030 ipsa
658 2951 748 3032 culpa
763 2951 916 3014 redimere
931 2953 1040 3033 possit,
1061 2961 1092 3014 et
1106 2954 1202 3015 uadat

102 3059 216 3132 postea
239 3053 290 3113 ubi
311 3053 445 3115 uoluerit
466 3052 637 3119 absolutus.

190 3155 260 3220 153.
282 3153 335 3216 XI.
381 3155 412 3216 Si
435 3156 504 3236 quis
525 3156 736 3236 langobardus
753 3174 883 3216 exorem
905 3155 1025 3218 hahens
1048 3155 1132 3218 filius
1151 3162 1203 3217 aut

103 3254 184 3317 filias
214 3258 443 3336 procreauerit‚
478 3265 508 3320 et
536 3263 648 3337 postea
683 3255 920 3336 inspirationem
952 3257 1003 3318 dei
1032 3257 1203 3337 conpulsus

105 3356 232 3420 clericus
256 3360 382 3421 effectus
404 3359 509 3436 fuerit,
532 3365 604 3421 tunc
625 3356 679 3418 filii
703 3365 755 3419 aut
776 3356 859 3419 filiae
876 3361 927 3438 qui
951 3364 1023 3420 ante
1039 3359 1105 3420 eius
1122 3343 1205 3420 con-

105 3458 281 3521 uersionem
296 3460 360 3522 nati
375 3460 502 3534 fuerint,
518 3462 620 3540 ipsam
634 3459 736 3540 legem
751 3461 871 3532 uiuant,
889 3478 983 3540 quarn
997 3460 1051 3520 ille
1066 3460 1204 3533 uiuebat,

106 3561 231 3640 quando
254 3581 310 3625 eos
333 3563 451 3643 genuit,
474 3570 504 3624 et
526 3581 654 3624 causam
677 3580 766 3623 suam
787 3580 844 3640 per
865 3561 966 3641 ipsam
988 3561 1089 3644 legem
1111 3561 1207 3623 finire

107 3660 250 3724 debeant.

341 3765 472 3845 Explicit
494 3767 627 3828 edictum
650 3766 766 3827 domno
788 3765 969 3846 Liutprand.
