2574 4710
196 365 434 436 leTPntNm
455 369 579 433 LEGES
600 368 694 431 ANNI
714 370 798 433 Xlll.
821 370 901 435 CAP.
924 364 1058 431 66-69,
1125 369 1181 451 tlt

90 555 249 639 launegild
282 556 382 638 possit
413 555 511 618 filiam
538 575 626 618 suam
660 557 699 617 de
727 556 829 637 ipsam
857 555 979 618 tertiam
1008 552 1185 634 portionem

93 658 287 723 substantiae
317 677 393 722 suae
422 658 578 720 exherede
602 659 726 734 lacere,
753 664 785 719 et
811 656 838 720 si
866 656 943 718 duas
973 663 1025 718 aut
1054 655 1185 737 amplius

90 760 228 836 luerent,
250 761 290 822 ‹le
311 760 519 827 medietatem.

177 867 230 931 66.
250 861 287 928 ΙΙ.
330 864 376 924 De
397 863 528 925 liberum
549 863 717 937 homiuem,
740 863 791 944 qui
813 880 942 925 uxorem
958 862 997 922 de
1020 880 1111 924 seruo
1134 869 1187 925 aut

92 967 133 1028 de
161 965 312 1029 haldione
341 986 398 1029 suo
423 967 547 1028 uiuente
572 965 643 1046 ipso
673 965 785 1027 marito
810 964 928 1040 tulerit,
964 971 996 1026 et
1022 962 1104 1027 filius
1133 971 1187 1026 aut

91 1067 175 1131 filias
198 1068 309 1130 exinde
323 1069 387 1131 nati
401 1069 530 1142 fuerent,
552 1068 717 1130 nullatinus
740 1068 769 1129 ei
789 1068 914 1130 heredis
937 1069 1110 1143 succedant,
1130 1072 1186 1132 sed

91 1181 171 1233 nusol
192 1170 366 1233 libertatem
389 1190 478 1234 suam
500 1171 650 1245 habeant,
671 1190 729 1233 nec
750 1189 806 1251 per
826 1170 942 1232 nullum
966 1171 1058 1253 genio
1081 1172 1125 1235 eis
1148 1173 1187 1234 de

93 1276 190 1335 rebus
206 1272 270 1336 suis
286 1272 392 1354 aliquit
411 1274 515 1335 lacere
536 1274 650 1356 possit:
674 1274 746 1355 quia
766 1274 796 1334 in
819 1274 946 1336 dubium
960 1275 1045 1336 uenit
1059 1293 1188 1338 causum

92 1377 216 1457 ipsum,
250 1375 335 1438 cuius
360 1374 440 1438 filius
469 1384 522 1438 aut
547 1375 612 1438 filia
640 1375 697 1450 sit,
731 1377 856 1457 quando
886 1378 979 1465 amlro
1001 1377 1124 1458 uiuent,
1157 1386 1188 1442 ct

96 1477 242 1541 dominus
266 1486 297 1539 et
318 1496 436 1551 seruus,
459 1477 512 1558 qui
533 1486 605 1541 ante
626 1478 734 1541 habuit
755 1487 786 1540 et
808 1479 859 1559 qui
880 1487 991 1559 postea
1013 1479 1089 1546 tulit.

180 1581 232 1646 67.
255 1579 306 1644 lll.
349 1579 381 1641 Si
402 1580 471 1661 quis
494 1580 545 1642 alii
572 1581 743 1642 cautionem
764 1581 887 1656 fecerit,
915 1589 946 1644 et
966 1602 1031 1644 non
1053 1582 1081 1643 ei
1103 1583 1188 1645 obli-

97 1681 218 1771 gaqerit
243 1681 283 1743 (le
308 1685 401 1746 rebus
432 1683 512 1755 suis,
542 1683 602 1746 nisi
624 1683 736 1744 dixerit
766 1683 796 1744 in
818 1683 887 1764 ipsa
914 1685 1103 1748 cautionem:
1137 1688 1187 1761 „in

98 1784 353 1866 quibuscumque
374 1787 467 1848 rebus
504 1785 600 1865 ipsius
638 1786 776 1847 inuenire
807 1788 978 1868 potuerit“;
1015 1796 1046 1850 et
1076 1795 1188 1868 postea

96 1885 274 1948 uindederit
300 1887 350 1948 alii
376 1887 495 1949 homini
517 1889 555 1949 de
583 1890 676 1951 rebus
700 1889 777 1962 suis,
809 1890 925 1952 habeat
944 1891 1027 1972 ipse,
1061 1891 1112 1973 qui
1134 1909 1188 1953 eas

96 1987 181 2054 emit.
226 1989 304 2051 Nam
326 1990 352 2052 si
373 1990 527 2072 obligatae
554 1991 647 2053 luerit
671 1992 895 2072 nominatione,
923 2013 986 2054 non
1014 2011 1068 2056 eas
1089 1993 1190 2073 possit
1236 2015 1240 2026 ’

95 2091 239 2166 pindere,
268 2093 341 2153 dnm
361 2092 463 2173 ipsam
485 2093 659 2156 cautionem
679 2113 742 2155 non
765 2095 931 2162 sanauerit.
978 2095 1017 2157 Et
1038 2094 1090 2177 qui
1111 2114 1190 2157 cau-

95 2193 216 2256 tionem
236 2195 340 2256 lacere
360 2196 502 2269 uoluerit,
524 2202 576 2258 ant
596 2195 807 2258 nominatibae
821 2197 933 2259 oblicet
954 2198 993 2258 dc
1006 2199 1100 2260 rebus
1116 2196 1189 2271 suis,

102 2297 232 2378 qualiter
252 2297 331 2359 inter
353 2290 414 2360 eos=
430 2298 617 2366 conuenerit
640 2305 693 2360 aut
712 2298 806 2359 saciat
825 2298 856 2359 in
877 2298 945 2379 ipsa
961 2298 1136 2361 cautionem
1150 2298 1190 2360 de

104 2400 194 2464 tantis
214 2403 318 2474 rebus,
342 2401 541 2481 quantumin
562 2399 614 2462 illa
636 2400 705 2462 diae
727 2399 819 2462 solidi
839 2401 898 2482 ipsi
918 2400 1040 2466 luerint.

184 2503 236 2570 68.
257 2501 320 2569 llll.
363 2503 410 2564 De
429 2503 635 2577 haldionibus,
659 2502 771 2583 quide
792 2522 928 2582 persona
950 2522 1006 2566 sua
1026 2502 1190 2565 haldiones

103 2612 183 2683 sunt,
196 2604 222 2668 si
233 2605 337 2686 aliqua
348 2605 532 2685 conpellatio
543 2606 625 2668 lacta
635 2603 741 2666 luerit:
758 2612 907 2685 patronus
919 2605 984 2668 eius
996 2624 1067 2667 eum
1079 2605 1192 2666 delen-

103 2707 164 2782 dat,
181 2714 237 2771 aut
249 2726 307 2788 per
322 2715 550 2788 sagramentum
566 2716 619 2771 aut
631 2727 688 2789 per
701 2728 848 2790 pugnarn,
869 2708 966 2790 qualis
982 2726 1076 2770 causa
1090 2706 1191 2774 fuerit.

185 2812 238 2877 69.
260 2813 296 2876 V.
340 2809 372 2871 Si
392 2809 515 2873 haldius
531 2811 748 2892 cuiuscumque
762 2811 793 2872 in
808 2830 881 2873 casa
896 2810 1021 2873 alterius
1036 2809 1193 2872 nesciente

47 2940 49 2945 ·
103 2911 230 2975 domino
252 2931 310 2975 suo
331 2912 431 2985 fuerit,
453 2931 522 2974 cum
536 2913 679 2976 inuentus
700 2913 800 2988 fuerit
823 2913 865 2976 sio
880 2914 992 2974 debeat
1005 2894 1082 2974 iare
1095 2912 1192 2974 homo

101 3013 179 3095 ipse,
203 3014 255 3095 qui
276 3023 346 3076 eum
368 3013 519 3089 habuerit,
542 3034 655 3096 operas
679 3016 836 3095 quomodo
859 3015 949 3076 etde
971 3032 1074 3081 seruo.

450 3117 580 3197 Explicit
602 3118 640 3178 de
663 3135 745 3178 anno
767 3116 850 3182 Xlll.

177 3317 321 3381 lucian
340 3319 393 3379 un
414 3319 524 3381 nuno
546 3316 862 3391 ovlnronuorno
884 3317 925 3402 (ρ.
949 3319 1020 3382 cnr.
1042 3316 1124 3402 726).

188 3505 256 3567 lam
279 3503 402 3584 quidem
424 3504 537 3584 septies
557 3505 588 3566 in
612 3503 713 3566 antico
728 3503 818 3566 edicti
832 3520 965 3584 corpore
980 3501 1084 3583 aliqua
1097 3519 1196 3583 prae-

104 3606 248 3670 uidemus
270 3613 468 3668 aucmentare
482 3606 623 3687 capitula,
647 3624 726 3687 quae
747 3605 838 3668 nobis
860 3611 891 3667 et
911 3602 1026 3667 nostris
1045 3602 1196 3667 iudicibus

104 3715 200 3790 atque
226 3706 370 3771 fidelibus
397 3710 566 3772 secundum
594 3710 686 3770 deum
714 3715 799 3771 recta
824 3714 1062 3787 conparuernnt.
1110 3707 1198 3768 Nunc

103 3866 128 3938 ¹)
145 3883 198 3920 uec
216 3869 336 3923 omitum
358 3867 529 3923 Vercellcnn's
549 3867 781 3940 alpenninum,
800 3871 860 3923 ilem
885 3867 1024 3922 Vaticanus
1043 3865 1138 3932 colec,
1155 3863 1199 3933 qui

102 3958 214 4013 whom
226 3961 410 4012 tantummodo
425 3958 571 4026 substitui&
595 3977 669 4013 suam
689 3959 849 4021 libertatem,
869 3958 898 4012 id
916 3961 956 4013 etl
974 3971 1039 4026 eum,
1060 3969 1127 4026 quoe
1143 3950 1197 4021 filio

102 4051 224 4106 Μίνωι·
240 4064 276 4106 cc
292 4053 403 4120 propriu
419 4053 505 4120 patro
522 4053 618 4106 anullo
636 4056 699 4107 nolo
718 4055 775 4122 ipso
793 4053 853 4104 lure
871 4034 1035 4119 conpeteret,
1054 4048 1080 4101 si
1098 4049 1197 4100 certum

104 4147 178 4197 citet
199 4155 258 4197 eum
283 4143 393 4215 domini,
419 4156 472 4198 uon
489 4146 580 4199 muner·
595 4139 675 4211 filium
695 4157 762 4200 eme.
802 4140 852 4211 cfr.
866 4138 940 4196 noll.
967 4155 1024 4209 cup.
1046 4134 1107 4190 156.
1127 4133 1192 4190 222.

103 4230 209 4303 luclpr.
230 4232 292 4287 1⁰6.
