2574 4710
344 313 852 404 .srcmo1mcuo,a.aae.'
1088 330 1144 412 191
1194 365 1196 370 -

56 511 152 574 suerit
172 511 240 592 ipse
262 530 386 588 seruus,
413 521 446 574 ut
466 512 517 574 ille
543 513 635 575 iudex
656 512 706 573 uel
728 511 788 573 alia
818 529 971 591 persona,
1001 513 1053 594 qui
1080 514 1145 578 eius
1249 503 1251 507 ¹

57 613 197 695 precium
219 614 318 687 dedit,
348 614 476 695 recipiat
497 616 581 696 quod
604 613 701 687 dedit,
729 622 759 675 et
780 634 889 676 seruus
910 622 1086 677 reuertatur.
1105 618 1145 677 ad

55 716 248 779 anteriorem
277 717 437 779 dominum
468 737 566 783 suum.
611 717 642 779 si
664 717 745 778 enim
767 725 798 778 et
826 715 935 796 aliquis
958 735 977 777 a
1005 718 1144 797 partibus

56 818 178 880 uenerit
205 837 314 880 seruos
342 825 395 879 aut
422 817 547 881 ancillas
579 820 772 900 quaerendo,
803 826 834 879 et
857 817 951 880 iudex
977 818 1037 879 loci
1065 819 1145 881 illius

58 920 169 981 dixerit
201 939 264 981 non
294 919 409 980 ibidem
441 919 562 994 fuisse,
591 927 664 982 tunc
695 928 758 983 tres
789 937 944 1000 personae
974 922 1146 999 praebeant

58 1028 263 1095 sacramenta,
287 1021 380 1101 „quia
394 1039 451 1081 nec
472 1022 609 1102 suspicit,
631 1022 738 1083 necin
761 1020 948 1084 conscientia
967 1019 1072 1095 habet,
1093 1021 1146 1083 ubi

57 1125 125 1205 ipse
148 1143 258 1185 seruus
282 1131 358 1198 cst“‚
382 1129 411 1183 et
433 1121 472 1185 sit
492 1122 560 1203 ipse
582 1122 713 1189 solutus.

142 1229 171 1289 7.
216 1226 286 1306 †De
306 1223 463 1286 homicida
482 1243 559 1284 uero
580 1224 624 1285 ita
645 1225 737 1298 stetit,
758 1234 792 1287 ut
806 1225 832 1287 si
852 1225 1006 1305 quispiam
1022 1226 1145 1287 exerci-

56 1326 151 1388 talem
172 1334 227 1388 aut
248 1326 374 1388 militem
395 1325 446 1386 uel
475 1326 644 1408 quamlibet
665 1327 757 1388 aliam
778 1345 946 1407 personam
968 1326 1145 1407 simpliciter

57 1427 268 1490 ambulantem
288 1427 533 1509 praesumpserit
554 1427 695 1489 occidere
711 1437 853 1509 tempore
867 1427 961 1509 pacis,
982 1428 1052 1509 ipsa
1066 1449 1143 1509 per-

59 1548 136 1592 sona
163 1529 264 1591 modis
290 1520 435 1591 ¹omnibus
462 1530 619 1604 tradatur;
647 1531 752 1593 audita
778 1550 887 1604 causa,
915 1531 995 1592 infra
1021 1531 1144 1614 triginta

10 1628 14 1636 '
57 1631 122 1695 dies
145 1651 207 1693 non
229 1630 321 1693 liceat
341 1630 514 1712 pignerare.

133 1734 170 1807 Ι8,
215 1733 284 1815 †De
305 1731 420 1794 iustitia
442 1740 544 1795 autem
564 1733 608 1794 ita
628 1733 720 1807 stetit,
742 1742 776 1796 ut
790 1734 816 1796 si
831 1734 1033 1815 quiscumque
1047 1735 1144 1798 homo

57 1855 185 1898 causam
205 1836 350 1897 habuerit
370 1855 428 1917 pro
452 1835 587 1916 qualibet
608 1854 651 1911 re,
673 1837 822 1898 ut'uadat
843 1838 939 1898 semel
954 1844 986 1898 et
1005 1837 1052 1899 bis
1076 1856 1145 1898 cum

56 1936 191 2019 epistola
221 1937 366 2018 principis
398 1936 449 1998 uel
475 1937 582 2002 iudicis
610 1937 672 2012 sui;
704 1945 734 1999 et
763 1937 789 1999 si
823 1938 948 1998 minime
976 1938 1004 1999 ei
1030 1939 1144 2001 iustitia
1172 2000 1177 2009 ,

53 2039 152 2102 fuerit
170 2039 261 2114 lacta,
284 2039 397 2124 [liceat]
419 2039 583 2119 pignerare
598 2038 678 2101 infra
699 2038 862 2112 ciuitatem,
884 2047 914 2101 et
928 2039 972 2102 sic
987 2041 1016 2101 ei
1030 2040 1145 2102 iustitia
1163 2036 1166 2040 ’

53 2141 130 2217 fiat;
153 2141 252 2204 minus
267 2160 316 2215 ne,
338 2150 411 2204 tunc
430 2141 547 2203 habeat
566 2141 720 2202 licentiam
734 2140 810 2203 foris
826 2141 989 2215 ciuitatem,
1012 2142 1145 2223 qualiter

54 2243 166 2325 pignus
187 2243 300 2317 facere,
322 2249 386 2304 tam
407 2243 439 2303 in
460 2243 681 2323 langobardos,
704 2261 798 2323 quam
820 2243 913 2304 etiam
926 2243 957 2303 in
978 2244 1143 2325 inquilinos

56 2340 107 2406 uel
135 2345 272 2426 qualibet
297 2365 434 2427 persona
459 2347 664 2425 praetendere
689 2343 832 2425 potuerit.
878 2345 1015 2425 Excepto
1041 2366 1144 2427 nego-

56 2447 166 2509 tiante:
195 2468 259 2509 uon
280 2448 396 2509 habeat
415 2447 569 2509 licentiam
591 2445 787 2528 pignerandi,
817 2454 848 2508 et
869 2447 895 2509 si
915 2447 1030 2509 factum
1050 2447 1143 2510 luerit

57 2556 235 2628 componat,
257 2549 335 2612 sicut
356 2549 496 2629 superius
519 2548 657 2612 affictum
679 2556 735 2613 est.
778 2548 824 2608 De
846 2548 913 2610 aliis
936 2568 1011 2611 uero
1026 2568 1143 2630 perso-

55 2648 104 2712 nis
132 2650 182 2711 uel
208 2651 302 2713 rebus
332 2651 448 2713 habeat
479 2651 558 2714 sicut
585 2671 676 2714 suum
707 2649 867 2730 proprium
899 2653 1085 2715 menendum
1113 2660 1143 2715 et

55 2753 291 2832 gubernandum
313 2772 412 2834 usque
433 2754 474 2815 ad
495 2773 619 2817 menses
641 2760 714 2818 tres.
755 2753 795 2813 Et
815 2752 842 2815 si
862 2752 1031 2833 neglexerit
1050 2753 1143 2815 iudex

54 2852 116 2915 loci
137 2853 283 2916 iustitiam
303 2856 416 2929 facere,
437 2856 555 2918 habeat
573 2856 684 2918 itemm
701 2855 853 2917 licentiam
869 2864 1016 2935 quaestor
1029 2856 1142 2938 pigne-

54 2973 128 3016 rare
157 2955 294 3017 deloco
323 2957 376 3018 ubi
404 2976 499 3019 causa
529 2957 696 3038 quaeritur.
741 2957 781 3018 Et
808 2956 835 3018 si
863 2948 1043 3037 contingerit
1071 2967 1143 3020 ante

53 3055 203 3119 iustitiam
223 3058 347 3132 factam,
372 3066 406 3121 ut
425 3059 527 3140 ipsum
547 3060 658 3142 pignus
680 3058 830 3120 moriatur
851 3064 904 3120 aut
924 3058 1058 3138 perierit,
1079 3080 1142 3121 non

55 3158 282 3239 calumpniatur
301 3160 362 3234 ille,
385 3162 467 3240 apud
490 3180 582 3242 quem
602 3161 670 3242 ipse
691 3160 801 3241 pignus
814 3159 923 3232 vfuerit,
945 3161 1001 3222 sed
1022 3169 1143 3241 reputet

56 3259 114 3321 sibi
135 3259 196 3334 ille,
219 3261 271 3342 qui
285 3261 431 3324 iustitiam
445 3263 549 3324 facere
562 3262 712 3343 neglexit;
728 3257 854 3324 ¹tantum
867 3260 927 3335 ille,
950 3263 1033 3343 apud
1049 3282 1141 3342 quem

55 3361 167 3442 pignus
188 3361 288 3438 luerit,
309 3367 461 3445 praebeat
475 3373 712 3437 sacramentum,
734 3363 827 3445 „quia
843 3382 914 3424 eum
928 3383 985 3424 nec
1005 3364 1142 3437 donauit,
1215 3400 1220 3410 ·

56 3482 113 3524 nec
134 3465 338 3540 uenundedit,
367 3485 424 3527 nec
446 3466 606 3540 alienauit,
634 3474 680 3530 sct
701 3474 850 3546 tanquam
871 3486 961 3527 suum
981 3467 1142 3548 proprium

56 3563 174 3626 babere
197 3573 228 3626 et
249 3568 422 3647 gubernare
443 3567 540 3630 uoluit
555 3576 585 3630 et
606 3569 678 3648 quid
699 3569 879 3630 factumest
898 3568 1033 3646 nescio“,
1057 3577 1087 3630 et
1104 3569 1144 3631 sit

58 3685 153 3729 causa
182 3666 281 3729 finita.
332 3669 363 3730 Si
394 3678 496 3731 autem
524 3670 629 3732 uiuum
660 3679 691 3732 et
721 3689 830 3732 sanum
861 3668 953 3731 fuerit
983 3669 1142 3732 inuentum

56 3767 159 3848 ipsum
181 3770 305 3850 pignus,
332 3771 363 3830 in
385 3772 535 3853 integrum
557 3773 705 3833 reddatur
726 3771 851 3833 domino
874 3790 948 3846 suo;
975 3771 1017 3832 ita
1033 3778 1142 3832 'tamen

57 3880 90 3933 ut
111 3870 269 3934 resideant
289 3873 439 3935 iudicesa
460 3874 598 3954 partibus
618 3873 753 3959 [uostris]
775 3874 806 3934 in
828 3872 908 3947 loco,
929 3873 982 3933 ubi
997 3892 1034 3934 ea
1049 3892 1143 3935 causa

58 3972 232 4052 quaeritur;
255 3975 326 4036 etsi
348 3974 499 4049 claruerit,
523 3977 595 4057 quia
608 3977 687 4038 iuste
704 3975 885 4056 pignerauit,
909 3975 1037 4055 accipiat
1050 3975 1143 4037 iusti-

57 4073 131 4136 tiam
152 4095 241 4138 suam
263 4083 294 4137 et
315 4085 481 4156 componat
501 4077 529 4139 ei
551 4078 672 4140 debitor
693 4077 809 4140 solidos
833 4096 897 4150 sex,
919 4096 1034 4156 proco
1059 4079 1142 4158 quod

58 4183 128 4238 ante
155 4176 267 4259 pignus
295 4178 440 4241 iustitiam
469 4179 497 4240 ei
525 4178 648 4240 minime
674 4178 756 4241 fecit:
785 4176 811 4242 si
834 4179 915 4240 enim
938 4188 968 4242 et
991 4180 1142 4258 claruerit,
