2574 4710
329 359 494 423 EDICTVS
516 361 695 423 ROTHARI
716 359 798 427 CAP.
820 359 996 426 320-323.
1172 359 1209 422 bl

106 546 269 608 aduersus
300 565 370 608 eum
398 566 460 608 non
488 546 636 627 requirat.
686 547 725 606 Et
748 545 809 606 hoe
835 545 991 607 iubemus:
1021 543 1047 605 si
1075 543 1144 623 quis
1174 542 1213 601 de

106 646 249 730 gahagio
266 648 348 728 regis
365 648 467 710 tulerit
481 649 664 728 accepturis,
688 647 728 710 sit
748 647 917 726 culpabiles
934 645 1023 712 solid·
1039 644 1212 706 duodicem.

197 752 270 815 32Ι.
317 750 348 811 Si
370 753 439 830 quis
462 750 502 811 de
525 753 638 812 arbore
660 749 781 830 signato
802 748 833 808 in
856 749 934 810 silua
950 747 1074 809 alterius
1098 765 1213 826 accep-

111 858 199 914 turos
222 852 263 912 de
284 851 362 913 nido
384 851 495 926 tulerit,
518 858 676 932 conponat
697 851 814 914 solidos
838 870 903 917 sex.

196 956 269 1019 322.
312 954 358 1013 De
381 953 466 1014 oanis
488 953 649 1019 incctatds.
693 953 724 1014 Si
748 955 818 1034 quis
841 955 927 1014 canis
950 952 1068 1013 aliends
1092 952 1212 1012 olama-

109 1057 194 1116 uerit
216 1063 271 1116 aut
291 1055 481 1128 incctauerit,
508 1062 539 1116 et
559 1055 707 1117 damnum
729 1055 851 1116 fecirint
871 1056 901 1114 in
924 1054 1083 1116 hominem
1106 1061 1159 1114 aut
1181 1055 1212 1113 in

112 1158 283 1237 peculium,
306 1177 368 1218 non
391 1165 550 1236 repotetnr
572 1158 614 1219 illi
636 1159 743 1237 culpa,
766 1157 852 1219 ouius
876 1156 960 1218 canis
983 1162 1068 1227 sunt,
1092 1155 1147 1216 sed
1169 1154 1212 1215 illi

109 1259 165 1339 qni
187 1277 244 1321 eos
266 1258 412 1320 inuitauit.

196 1363 270 1426 323.
312 1361 359 1421 De
380 1362 507 1423 homine
524 1364 659 1427 rabioso.
697 1363 727 1423 Si
743 1361 878 1442 peccatis
895 1359 1099 1423 eminentibus
1115 1360 1210 1421 homo

112 1463 257 1525 rabiosus
282 1470 335 1524 ant
357 1463 556 1525 demoniacus
578 1463 677 1524 factus
699 1463 806 1548 fuerit,
829 1471 861 1524 et
882 1464 1029 1524 damnum
1051 1460 1159 1523 fecerit
1179 1461 1211 1521 in

86 1565 273 1626 ”hominem
301 1573 354 1626 ant
380 1565 411 1625 in
439 1565 608 1645 peculium,
636 1585 699 1627 non
720 1565 925 1646 requiratur3·
944 1573 1064 1627 tantum
1087 1572 1147 1638 est,
1178 1571 1212 1625 ut

112 1667 181 1728 sine
198 1667 293 1747 'culpa
314 1686 378 1727 non
399 1666 566 1732 occidatur.

198 1771 269 1834 324.
313 1769 344 1831 Si
362 1769 446 1831 canis
462 1778 516 1830 aut
530 1769 668 1832 caballus
685 1777 739 1831 aut
753 1769 898 1850 quislibet
912 1770 1051 1850 peculius
1067 1768 1209 1832 rabiosus

112 1871 212 1933 factus
234 1870 336 1942 inerit,
350 1878 381 1931 et
396 1871 544 1932 damnum
565 1871 673 1933 fecerit
694 1872 898 1932 inhominem
922 1871 1026 1934 autin
1048 1871 1210 1951 peculium,

112 1992 175 2034 non
199 1973 376 2054 requiratur
398 1990 417 2034 a
439 1972 574 2046 domino,
598 1981 629 2033 et
651 1975 702 2052 qui
718 1974 820 2052 ipsum
836 1973 990 2045 occiderit,
1014 1973 1104 2035 simili
1117 1974 1210 2034 modo

110 2094 175 2137 non
198 2075 383 2154 requiratur,
406 2083 566 2154 utsupra.

197 2180 270 2242 325.
311 2178 359 2238 De
381 2177 611 2258 quadrupedia,
643 2179 668 2238 si
690 2175 903 2236 inhominem
929 2176 1033 2237 autin
1056 2176 1210 2255 peculium

111 2278 262 2340 damnum
284 2277 400 2352 fecerit,
424 2280 490 2358 ipse
507 2286 662 2357 conponat
676 2278 833 2349 damnum,
856 2276 940 2338 cuins
956 2277 1047 2338 fuerit
1061 2279 1209 2357 peculius.

196 2382 269 2446 326.
315 2380 346 2441 Si
369 2381 506 2442 caballus
535 2399 603 2440 oum
632 2380 728 2459 pede,
760 2380 784 2440 si
815 2381 913 2440 boues
947 2399 1016 2440 cum
1044 2398 1153 2454 como,
1183 2380 1210 2443 si

113 2499 228 2560 porcus
251 2482 460 2544 comdentem
482 2481 641 2542 hominem
663 2480 864 2560 intrigauerit,
887 2489 940 2543 aut
962 2481 988 2543 si
1010 2482 1095 2543 canis
1119 2502 1208 2543 mor-

113 2581 208 2655 derit,
245 2590 375 2662 excepto
404 2592 437 2645 ut
467 2603 562 2663 supra
589 2585 615 2645 si
644 2583 787 2645 rabiosus
816 2581 923 2655 fuerit,
956 2583 1023 2662 ipse
1053 2593 1210 2664 conponat

113 2682 315 2744 homicidium
338 2692 392 2746 ant
411 2687 577 2761 damnum,
601 2685 685 2747 cuius
709 2684 859 2747 animales
881 2684 986 2757 fuerit,
1015 2693 1157 2749 cessante
1178 2687 1208 2748 in

113 2784 174 2846 hoc
196 2784 331 2865 capitulo
354 2785 452 2858 saida,
476 2788 559 2866 quod
583 2796 630 2849 est
652 2786 824 2861 inimicitia;
854 2787 925 2866 quia
949 2795 1032 2849 muta
1056 2807 1106 2850 res
1128 2789 1208 2860 fecit,

112 2905 185 2948 nam
207 2906 270 2947 non
293 2886 427 2950 hominis
450 2888 594 2954 studium.
754 2961 756 2964 Α

196 2991 271 3054 327.
313 2990 359 3049 De
374 2991 495 3051 caballo
510 2989 670 3070 praestito.
707 2989 739 3049 si
761 2989 829 3069 quis
851 2991 1032 3070 praestitum
1055 3000 1108 3054 aut
1130 3012 1209 3055 con-

111 3091 240 3153 ductum
263 3091 416 3152 caballum
445 3100 499 3153 ant
526 3094 638 3153 bouem
666 3098 719 3152 aut
746 3110 855 3152 canem
888 3100 942 3154 aut
972 3091 1109 3172 quolibet
1136 3092 1209 3154 ani-

112 3193 229 3254 malem
258 3192 415 3265 habuerit,
445 3201 476 3253 et
503 3194 575 3253 dnm
604 3193 636 3252 in
662 3191 730 3272 ipso
760 3192 912 3254 beneficio
941 3203 994 3255 aut
1019 3194 1209 3255 conductum

110 3301 169 3367 est,
193 3294 342 3355 damnum
363 3294 479 3365 fecerit,
502 3314 564 3355 non
585 3293 763 3373 requiratur
782 3297 911 3374 proprio
927 3293 1062 3364 domino,
1085 3295 1141 3356 sed
1158 3295 1209 3355 ille

111 3395 166 3474 qni
188 3395 371 3475 praestitum
393 3403 465 3475 post
487 3415 521 3456 se
542 3394 659 3465 habuit,
682 3397 750 3474 ipse
773 3395 971 3456 homicidium
993 3402 1047 3457 aut
1061 3396 1208 3456 damnum

111 3505 280 3577 conponat.
349 3505 355 3522 ⁸

197 3600 270 3662 328.
315 3598 346 3658 Si
369 3599 520 3661 animales
543 3598 678 3660 alienum
693 3597 858 3659 animalem
874 3597 1023 3660 occiderit
1043 3606 1096 3660 aut
1117 3598 1210 3661 intri-

109 3699 249 3780 ganerit,
283 3699 313 3759 id
349 3709 396 3762 est
422 3702 519 3762 boues
549 3702 678 3773 bouem,
702 3707 755 3761 ant
784 3700 927 3780 quislibet
954 3701 1109 3781 peculius,
1139 3710 1211 3762 tunc

113 3800 258 3862 dominus
283 3801 336 3882 qui
356 3801 522 3863 animalem
544 3822 634 3863 suum
655 3801 832 3881 intrigatnm
854 3801 1013 3874 inuenerit,
1037 3809 1090 3864 aut
1103 3803 1211 3864 forsan

109 3901 176 3962 iam
200 3903 372 3964 marcidum
399 3911 452 3964 aut
480 3903 665 3976 minuatum,
693 3903 835 3966 iubemus
863 3913 896 3965 ut
922 3903 1081 3985 consignet
1108 3904 1211 3983 ipsum

110 4003 294 4084 intrigatnm
321 4004 377 4079 illi,
407 4004 493 4067 euius
526 4005 675 4067 animales
711 4024 783 4066 eum
814 4005 985 4086 intrigauit‚
1011 4013 1044 4067 ut
1079 4004 1211 4068 similem

109 4105 215 4185 qualis
237 4105 269 4166 in
290 4105 434 4168 illadiae
455 4107 521 4178 fuit
544 4107 670 4187 quando
691 4106 840 4187 tragiatns
864 4116 919 4179 est,
942 4107 1071 4189 recipiat
1087 4108 1125 4168 ab
1141 4106 1210 4186 ipso

110 4205 203 4269 cuins
227 4207 377 4270 animales
399 4208 460 4269 hoc
481 4209 562 4274 fecit.
