<?xml version="1.0" encoding="UTF-8"?>
<!DOCTYPE html PUBLIC "-//W3C//DTD XHTML 1.0 Transitional//EN"
    "http://www.w3.org/TR/xhtml1/DTD/xhtml1-transitional.dtd">
<html xmlns="http://www.w3.org/1999/xhtml" xml:lang="en" lang="en">
 <head>
  <title>
</title>
<meta http-equiv="Content-Type" content="text/html;charset=utf-8" />
  <meta name='ocr-system' content='tesseract 3.04.00' />
  <meta name='ocr-capabilities' content='ocr_page ocr_carea ocr_par ocr_line ocrx_word'/>
</head>
<body>
  <div class='ocr_page' id='page_1' title='image "./edictusceteraeq00bluhgoog_0023.png"; bbox 0 0 2574 4710; ppageno 0'>
   <div class='ocr_carea' id='block_1_1' title="bbox 460 361 832 433">
    <p class='ocr_par' dir='ltr' id='par_1_1' title="bbox 460 361 832 433">
     <span class='ocr_line' id='line_1_1' title="bbox 460 361 832 433; baseline 0.024 -10"><span class='ocrx_word' id='word_1_1' title='bbox 460 361 625 426; x_wconf 81' lang='lat' dir='ltr'>EDICTVS</span> <span class='ocrx_word' id='word_1_2' title='bbox 645 363 832 433; x_wconf 82' lang='lat' dir='ltr'><strong>ROTHARI.</strong></span> 
     </span>
    </p>
   </div>
   <div class='ocr_carea' id='block_1_2' title="bbox 92 546 758 730">
    <p class='ocr_par' dir='ltr' id='par_1_2' title="bbox 92 546 758 730">
     <span class='ocr_line' id='line_1_2' title="bbox 92 546 619 626; baseline -0.011 -10"><span class='ocrx_word' id='word_1_3' title='bbox 92 549 169 614; x_wconf 91' lang='grc'><strong>281.</strong></span> <span class='ocrx_word' id='word_1_4' title='bbox 191 548 240 607; x_wconf 89' lang='grc'><strong>06</strong></span> <span class='ocrx_word' id='word_1_5' title='bbox 261 546 343 608; x_wconf 83' lang='lat' dir='ltr'><strong>furta</strong></span> <span class='ocrx_word' id='word_1_6' title='bbox 366 551 397 607; x_wconf 81' lang='lat' dir='ltr'><strong>et</strong></span> <span class='ocrx_word' id='word_1_7' title='bbox 418 564 501 626; x_wconf 85' lang='lat' dir='ltr'><strong>pena</strong></span> <span class='ocrx_word' id='word_1_8' title='bbox 522 546 619 610; x_wconf 85' lang='lat' dir='ltr'><strong>finita.</strong></span> 
     </span>
     <span class='ocr_line' id='line_1_3' title="bbox 92 646 758 730; baseline -0.002 -13"><span class='ocrx_word' id='word_1_9' title='bbox 92 651 170 716; x_wconf 91' lang='grc'><strong>282.</strong></span> <span class='ocrx_word' id='word_1_10' title='bbox 193 647 316 729; x_wconf 83' lang='lat' dir='ltr'>Siquis</span> <span class='ocrx_word' id='word_1_11' title='bbox 339 646 379 708; x_wconf 83' lang='lat' dir='ltr'><strong>de</strong></span> <span class='ocrx_word' id='word_1_12' title='bbox 402 666 475 710; x_wconf 82' lang='lat' dir='ltr'><strong>casa</strong></span> <span class='ocrx_word' id='word_1_13' title='bbox 496 648 578 730; x_wconf 83' lang='lat' dir='ltr'>ligna</span> <span class='ocrx_word' id='word_1_14' title='bbox 599 650 758 717; x_wconf 84' lang='lat' dir='ltr'><strong>furauerit.</strong></span> 
     </span>
    </p>
   </div>
   <div class='ocr_carea' id='block_1_3' title="bbox 90 749 1043 4288">
    <p class='ocr_par' dir='ltr' id='par_1_3' title="bbox 93 749 623 833">
     <span class='ocr_line' id='line_1_4' title="bbox 93 749 623 833; baseline 0.002 -22"><span class='ocrx_word' id='word_1_15' title='bbox 93 753 170 833; x_wconf 77' lang='grc'><strong>283.</strong></span> <span class='ocrx_word' id='word_1_16' title='bbox 193 751 241 810; x_wconf 89' lang='grc'><strong>06</strong></span> <span class='ocrx_word' id='word_1_17' title='bbox 262 749 419 830; x_wconf 81' lang='lat' dir='ltr'>lignamen</span> <span class='ocrx_word' id='word_1_18' title='bbox 442 751 623 818; x_wconf 80' lang='lat' dir='ltr'><strong>adunatum.</strong></span> 
     </span>
    </p>

    <p class='ocr_par' dir='ltr' id='par_1_4' title="bbox 93 853 346 920">
     <span class='ocr_line' id='line_1_5' title="bbox 93 853 346 920; baseline -0.012 -1"><span class='ocrx_word' id='word_1_19' title='bbox 93 855 170 920; x_wconf 91' lang='grc'><strong>284.</strong></span> <span class='ocrx_word' id='word_1_20' title='bbox 192 853 240 912; x_wconf 88' lang='grc'><strong>06</strong></span> <span class='ocrx_word' id='word_1_21' title='bbox 263 858 346 916; x_wconf 76' lang='lat' dir='ltr'><strong>orto.</strong></span> 
     </span>
    </p>

    <p class='ocr_par' dir='ltr' id='par_1_5' title="bbox 92 954 348 1033">
     <span class='ocr_line' id='line_1_6' title="bbox 92 954 348 1033; baseline -0.016 -13"><span class='ocrx_word' id='word_1_22' title='bbox 92 957 171 1022; x_wconf 91' lang='grc'><strong>285.</strong></span> <span class='ocrx_word' id='word_1_23' title='bbox 192 954 240 1013; x_wconf 91' lang='grc'><strong>06</strong></span> <span class='ocrx_word' id='word_1_24' title='bbox 261 971 348 1033; x_wconf 87' lang='lat' dir='ltr'><strong>sepe.</strong></span> 
     </span>
    </p>

    <p class='ocr_par' dir='ltr' id='par_1_6' title="bbox 92 1053 399 1135">
     <span class='ocr_line' id='line_1_7' title="bbox 92 1053 399 1135; baseline -0.013 -13"><span class='ocrx_word' id='word_1_25' title='bbox 92 1057 169 1124; x_wconf 87' lang='grc'><strong>286.</strong></span> <span class='ocrx_word' id='word_1_26' title='bbox 191 1056 239 1115; x_wconf 90' lang='grc'><strong>06</strong></span> <span class='ocrx_word' id='word_1_27' title='bbox 262 1053 399 1135; x_wconf 78' lang='lat' dir='ltr'><strong>axogias.</strong></span> 
     </span>
    </p>

    <p class='ocr_par' dir='ltr' id='par_1_7' title="bbox 94 1157 518 1237">
     <span class='ocr_line' id='line_1_8' title="bbox 94 1157 518 1237; baseline 0.005 -20"><span class='ocrx_word' id='word_1_28' title='bbox 94 1159 168 1224; x_wconf 82' lang='lat'><strong>287,</strong></span> <span class='ocrx_word' id='word_1_29' title='bbox 191 1157 238 1217; x_wconf 90' lang='grc'><strong>06</strong></span> <span class='ocrx_word' id='word_1_30' title='bbox 261 1175 336 1237; x_wconf 86' lang='lat' dir='ltr'><strong>sepe</strong></span> <span class='ocrx_word' id='word_1_31' title='bbox 358 1157 518 1224; x_wconf 81' lang='lat' dir='ltr'><strong>stantaria.</strong></span> 
     </span>
    </p>

    <p class='ocr_par' dir='ltr' id='par_1_8' title="bbox 94 1257 370 1338">
     <span class='ocr_line' id='line_1_9' title="bbox 94 1257 370 1338; baseline 0.018 -19"><span class='ocrx_word' id='word_1_32' title='bbox 94 1261 171 1326; x_wconf 81' lang='lat'><strong>288.</strong></span> <span class='ocrx_word' id='word_1_33' title='bbox 192 1259 240 1319; x_wconf 85' lang='lat' dir='ltr'><strong>De</strong></span> <span class='ocrx_word' id='word_1_34' title='bbox 262 1257 370 1338; x_wconf 86' lang='lat' dir='ltr'><strong>plouo.</strong></span> 
     </span>
    </p>

    <p class='ocr_par' dir='ltr' id='par_1_9' title="bbox 92 1360 399 1427">
     <span class='ocr_line' id='line_1_10' title="bbox 92 1360 399 1427; baseline -0.007 1"><span class='ocrx_word' id='word_1_35' title='bbox 92 1363 168 1427; x_wconf 91' lang='grc'><strong>289.</strong></span> <span class='ocrx_word' id='word_1_36' title='bbox 188 1361 237 1421; x_wconf 90' lang='grc'><strong>06</strong></span> <span class='ocrx_word' id='word_1_37' title='bbox 258 1360 399 1426; x_wconf 81' lang='lat' dir='ltr'><strong>tintinno.</strong></span> 
     </span>
    </p>

    <p class='ocr_par' dir='ltr' id='par_1_10' title="bbox 96 1462 345 1543">
     <span class='ocr_line' id='line_1_11' title="bbox 96 1462 345 1543; baseline 0 -16"><span class='ocrx_word' id='word_1_38' title='bbox 96 1466 170 1528; x_wconf 92' lang='grc'><strong>290.</strong></span> <span class='ocrx_word' id='word_1_39' title='bbox 192 1463 239 1522; x_wconf 91' lang='grc'><strong>06</strong></span> <span class='ocrx_word' id='word_1_40' title='bbox 260 1462 345 1543; x_wconf 78' lang='lat' dir='ltr'><strong>iugo.</strong></span> 
     </span>
    </p>

    <p class='ocr_par' dir='ltr' id='par_1_11' title="bbox 97 1565 364 1645">
     <span class='ocr_line' id='line_1_12' title="bbox 97 1565 364 1645; baseline 0.004 -17"><span class='ocrx_word' id='word_1_41' title='bbox 97 1567 168 1631; x_wconf 88' lang='grc'><strong>291.</strong></span> <span class='ocrx_word' id='word_1_42' title='bbox 188 1565 236 1624; x_wconf 92' lang='grc'><strong>06</strong></span> <span class='ocrx_word' id='word_1_43' title='bbox 259 1583 364 1645; x_wconf 82' lang='lat' dir='ltr'><strong>sogas.</strong></span> 
     </span>
    </p>

    <p class='ocr_par' dir='ltr' id='par_1_12' title="bbox 100 1665 486 1731">
     <span class='ocr_line' id='line_1_13' title="bbox 100 1665 486 1731; baseline -0.013 0"><span class='ocrx_word' id='word_1_44' title='bbox 100 1667 169 1731; x_wconf 83' lang='lat'><strong>292.</strong></span> <span class='ocrx_word' id='word_1_45' title='bbox 191 1667 239 1726; x_wconf 86' lang='lat' dir='ltr'><strong>De</strong></span> <span class='ocrx_word' id='word_1_46' title='bbox 261 1665 324 1727; x_wconf 83' lang='lat' dir='ltr'>uite</span> <span class='ocrx_word' id='word_1_47' title='bbox 345 1684 486 1726; x_wconf 86' lang='lat' dir='ltr'><strong>unarum.</strong></span> 
     </span>
    </p>

    <p class='ocr_par' dir='ltr' id='par_1_13' title="bbox 99 1766 507 1846">
     <span class='ocr_line' id='line_1_14' title="bbox 99 1766 507 1846; baseline -0.002 -14"><span class='ocrx_word' id='word_1_48' title='bbox 99 1769 171 1832; x_wconf 90' lang='grc'><strong>293.</strong></span> <span class='ocrx_word' id='word_1_49' title='bbox 193 1767 239 1827; x_wconf 90' lang='grc'><strong>06</strong></span> <span class='ocrx_word' id='word_1_50' title='bbox 260 1767 334 1846; x_wconf 82' lang='lat' dir='ltr'><strong>palo</strong></span> <span class='ocrx_word' id='word_1_51' title='bbox 358 1766 507 1831; x_wconf 83' lang='lat' dir='ltr'><strong>carracio.</strong></span> 
     </span>
    </p>

    <p class='ocr_par' dir='ltr' id='par_1_14' title="bbox 95 1867 449 1934">
     <span class='ocr_line' id='line_1_15' title="bbox 95 1867 449 1934; baseline -0.003 0"><span class='ocrx_word' id='word_1_52' title='bbox 95 1870 168 1934; x_wconf 83' lang='grc'><strong>294.</strong></span> <span class='ocrx_word' id='word_1_53' title='bbox 190 1868 237 1928; x_wconf 89' lang='grc'><strong>06</strong></span> <span class='ocrx_word' id='word_1_54' title='bbox 260 1867 321 1928; x_wconf 79' lang='lat' dir='ltr'>uite</span> <span class='ocrx_word' id='word_1_55' title='bbox 342 1867 449 1934; x_wconf 83' lang='lat' dir='ltr'><strong>incisa.</strong></span> 
     </span>
    </p>

    <p class='ocr_par' dir='ltr' id='par_1_15' title="bbox 94 1968 511 2036">
     <span class='ocr_line' id='line_1_16' title="bbox 94 1968 511 2036; baseline 0 -1"><span class='ocrx_word' id='word_1_56' title='bbox 94 1972 168 2035; x_wconf 84' lang='grc'><strong>295.</strong></span> <span class='ocrx_word' id='word_1_57' title='bbox 190 1969 237 2029; x_wconf 90' lang='grc'><strong>06</strong></span> <span class='ocrx_word' id='word_1_58' title='bbox 258 1968 409 2030; x_wconf 82' lang='lat' dir='ltr'>trauicem</span> <span class='ocrx_word' id='word_1_59' title='bbox 431 1970 511 2036; x_wconf 86' lang='lat' dir='ltr'><strong>uitis.</strong></span> 
     </span>
    </p>

    <p class='ocr_par' dir='ltr' id='par_1_16' title="bbox 94 2054 348 2139">
     <span class='ocr_line' id='line_1_17' title="bbox 94 2054 348 2139; baseline 0 -3"><span class='ocrx_word' id='word_1_60' title='bbox 94 2054 171 2139; x_wconf 72' lang='lat'><strong>2961</strong></span> <span class='ocrx_word' id='word_1_61' title='bbox 191 2071 237 2131; x_wconf 88' lang='lat' dir='ltr'><strong>De</strong></span> <span class='ocrx_word' id='word_1_62' title='bbox 259 2090 348 2137; x_wconf 85' lang='lat' dir='ltr'><strong>uuas.</strong></span> 
     </span>
    </p>

    <p class='ocr_par' dir='ltr' id='par_1_17' title="bbox 95 2172 494 2239">
     <span class='ocr_line' id='line_1_18' title="bbox 95 2172 494 2239; baseline -0.003 0"><span class='ocrx_word' id='word_1_63' title='bbox 95 2175 169 2239; x_wconf 83' lang='lat'><strong>297.</strong></span> <span class='ocrx_word' id='word_1_64' title='bbox 191 2173 238 2233; x_wconf 92' lang='grc'><strong>06</strong></span> <span class='ocrx_word' id='word_1_65' title='bbox 260 2172 494 2238; x_wconf 85' lang='lat' dir='ltr'><strong>ambolatorias.</strong></span> 
     </span>
    </p>

    <p class='ocr_par' dir='ltr' id='par_1_18' title="bbox 94 2267 406 2341">
     <span class='ocr_line' id='line_1_19' title="bbox 94 2267 406 2341; baseline 0 -3"><span class='ocrx_word' id='word_1_66' title='bbox 94 2274 167 2341; x_wconf 86' lang='grc'><strong>298.</strong></span> <span class='ocrx_word' id='word_1_67' title='bbox 190 2274 237 2333; x_wconf 92' lang='grc'><strong>06</strong></span> <span class='ocrx_word' id='word_1_68' title='bbox 259 2267 406 2339; x_wconf 71' lang='grc'><strong>6611616166.</strong></span> 
     </span>
    </p>

    <p class='ocr_par' dir='ltr' id='par_1_19' title="bbox 95 2375 334 2443">
     <span class='ocr_line' id='line_1_20' title="bbox 95 2375 334 2443; baseline 0.017 -7"><span class='ocrx_word' id='word_1_69' title='bbox 95 2377 167 2443; x_wconf 86' lang='grc'><strong>299.</strong></span> <span class='ocrx_word' id='word_1_70' title='bbox 189 2375 236 2435; x_wconf 92' lang='grc'><strong>06</strong></span> <span class='ocrx_word' id='word_1_71' title='bbox 257 2383 334 2441; x_wconf 83' lang='lat' dir='ltr'><strong>rete.</strong></span> 
     </span>
    </p>

    <p class='ocr_par' dir='ltr' id='par_1_20' title="bbox 94 2477 381 2543">
     <span class='ocr_line' id='line_1_21' title="bbox 94 2477 381 2543; baseline -0.007 -5"><span class='ocrx_word' id='word_1_72' title='bbox 94 2478 168 2543; x_wconf 87' lang='grc'><strong>300.</strong></span> <span class='ocrx_word' id='word_1_73' title='bbox 189 2478 236 2537; x_wconf 90' lang='grc'><strong>06</strong></span> <span class='ocrx_word' id='word_1_74' title='bbox 258 2477 381 2543; x_wconf 85' lang='lat' dir='ltr'><strong>arbore.</strong></span> 
     </span>
    </p>

    <p class='ocr_par' dir='ltr' id='par_1_21' title="bbox 93 2577 479 2659">
     <span class='ocr_line' id='line_1_22' title="bbox 93 2577 479 2659; baseline 0 -21"><span class='ocrx_word' id='word_1_75' title='bbox 93 2580 167 2645; x_wconf 88' lang='lat'><strong>301.</strong></span> <span class='ocrx_word' id='word_1_76' title='bbox 188 2578 236 2638; x_wconf 84' lang='lat' dir='ltr'><strong>De</strong></span> <span class='ocrx_word' id='word_1_77' title='bbox 257 2597 353 2659; x_wconf 84' lang='lat' dir='ltr'><strong>poma</strong></span> <span class='ocrx_word' id='word_1_78' title='bbox 373 2577 479 2644; x_wconf 86' lang='lat' dir='ltr'><strong>incisa.</strong></span> 
     </span>
    </p>

    <p class='ocr_par' dir='ltr' id='par_1_22' title="bbox 93 2680 354 2748">
     <span class='ocr_line' id='line_1_23' title="bbox 93 2680 354 2748; baseline -0.027 -2"><span class='ocrx_word' id='word_1_79' title='bbox 93 2682 167 2746; x_wconf 82' lang='lat'><strong>302.</strong></span> <span class='ocrx_word' id='word_1_80' title='bbox 190 2680 237 2740; x_wconf 88' lang='lat' dir='ltr'><strong>De</strong></span> <span class='ocrx_word' id='word_1_81' title='bbox 259 2680 354 2748; x_wconf 80' lang='lat' dir='ltr'>uliu0,</span> 
     </span>
    </p>

    <p class='ocr_par' dir='ltr' id='par_1_23' title="bbox 90 2780 1043 3166">
     <span class='ocr_line' id='line_1_24' title="bbox 91 2780 1043 2862; baseline 0.009 -22"><span class='ocrx_word' id='word_1_82' title='bbox 91 2783 166 2848; x_wconf 88' lang='lat'><strong>303.</strong></span> <span class='ocrx_word' id='word_1_83' title='bbox 191 2780 222 2841; x_wconf 91' lang='lat' dir='ltr'><strong>Si</strong></span> <span class='ocrx_word' id='word_1_84' title='bbox 243 2780 341 2842; x_wconf 86' lang='lat' dir='ltr'><strong>homo</strong></span> <span class='ocrx_word' id='word_1_85' title='bbox 364 2788 417 2842; x_wconf 84' lang='lat' dir='ltr'><strong>aut</strong></span> <span class='ocrx_word' id='word_1_86' title='bbox 440 2781 568 2862; x_wconf 83' lang='lat' dir='ltr'><strong>quoliuit</strong></span> <span class='ocrx_word' id='word_1_87' title='bbox 587 2781 741 2862; x_wconf 87' lang='lat' dir='ltr'>peculium</span> <span class='ocrx_word' id='word_1_88' title='bbox 764 2790 921 2845; x_wconf 80' lang='lat' dir='ltr'><strong>mortuum</strong></span> <span class='ocrx_word' id='word_1_89' title='bbox 941 2782 1043 2849; x_wconf 83' lang='lat' dir='ltr'><strong>fuerit.</strong></span> 
     </span>
     <span class='ocr_line' id='line_1_25' title="bbox 90 2881 991 2964; baseline 0.002 -16"><span class='ocrx_word' id='word_1_90' title='bbox 90 2885 166 2950; x_wconf 87' lang='grc'><strong>304.</strong></span> <span class='ocrx_word' id='word_1_91' title='bbox 189 2881 222 2943; x_wconf 84' lang='grc'><strong>61</strong></span> <span class='ocrx_word' id='word_1_92' title='bbox 243 2883 379 2945; x_wconf 84' lang='lat' dir='ltr'><strong>cauallus</strong></span> <span class='ocrx_word' id='word_1_93' title='bbox 403 2891 455 2944; x_wconf 82' lang='lat' dir='ltr'><strong>aut</strong></span> <span class='ocrx_word' id='word_1_94' title='bbox 477 2883 606 2963; x_wconf 75' lang='lat' dir='ltr'>quoliuit</span> <span class='ocrx_word' id='word_1_95' title='bbox 626 2884 763 2964; x_wconf 85' lang='lat' dir='ltr'>peculius</span> <span class='ocrx_word' id='word_1_96' title='bbox 784 2884 816 2945; x_wconf 89' lang='lat' dir='ltr'><strong>in</strong></span> <span class='ocrx_word' id='word_1_97' title='bbox 839 2884 991 2950; x_wconf 84' lang='lat' dir='ltr'><strong>clausura.</strong></span> 
     </span>
     <span class='ocr_line' id='line_1_26' title="bbox 91 2983 729 3065; baseline -0.009 -14"><span class='ocrx_word' id='word_1_98' title='bbox 91 2987 165 3051; x_wconf 89' lang='grc'><strong>305.</strong></span> <span class='ocrx_word' id='word_1_99' title='bbox 189 2984 236 3044; x_wconf 92' lang='grc'><strong>06</strong></span> <span class='ocrx_word' id='word_1_100' title='bbox 257 2983 377 3046; x_wconf 83' lang='lat' dir='ltr'>fossato</span> <span class='ocrx_word' id='word_1_101' title='bbox 401 2985 481 3046; x_wconf 84' lang='lat' dir='ltr'><strong>circa</strong></span> <span class='ocrx_word' id='word_1_102' title='bbox 503 3004 615 3065; x_wconf 84' lang='lat' dir='ltr'>campo</span> <span class='ocrx_word' id='word_1_103' title='bbox 638 2986 729 3048; x_wconf 81' lang='lat' dir='ltr'><strong>facto.</strong></span> 
     </span>
     <span class='ocr_line' id='line_1_27' title="bbox 91 3085 363 3166; baseline -0.007 -14"><span class='ocrx_word' id='word_1_104' title='bbox 91 3088 166 3153; x_wconf 89' lang='grc'><strong>306.</strong></span> <span class='ocrx_word' id='word_1_105' title='bbox 188 3085 235 3145; x_wconf 90' lang='grc'><strong>06</strong></span> <span class='ocrx_word' id='word_1_106' title='bbox 256 3093 363 3166; x_wconf 82' lang='lat' dir='ltr'><strong>poteo.</strong></span> 
     </span>
    </p>

    <p class='ocr_par' dir='ltr' id='par_1_24' title="bbox 92 3187 356 3254">
     <span class='ocr_line' id='line_1_28' title="bbox 92 3187 356 3254; baseline -0.019 0"><span class='ocrx_word' id='word_1_107' title='bbox 92 3190 167 3254; x_wconf 82' lang='grc'><strong>307.</strong></span> <span class='ocrx_word' id='word_1_108' title='bbox 187 3187 235 3248; x_wconf 93' lang='grc'><strong>06</strong></span> <span class='ocrx_word' id='word_1_109' title='bbox 257 3206 356 3252; x_wconf 84' lang='lat' dir='ltr'><strong>arma.</strong></span> 
     </span>
    </p>

    <p class='ocr_par' dir='ltr' id='par_1_25' title="bbox 91 3288 561 3354">
     <span class='ocr_line' id='line_1_29' title="bbox 91 3288 561 3354; baseline -0.004 0"><span class='ocrx_word' id='word_1_110' title='bbox 91 3289 166 3354; x_wconf 90' lang='grc'><strong>308.</strong></span> <span class='ocrx_word' id='word_1_111' title='bbox 187 3288 235 3350; x_wconf 91' lang='grc'><strong>06</strong></span> <span class='ocrx_word' id='word_1_112' title='bbox 257 3308 314 3351; x_wconf 86' lang='lat' dir='ltr'><strong>sua</strong></span> <span class='ocrx_word' id='word_1_113' title='bbox 336 3289 561 3352; x_wconf 84' lang='lat' dir='ltr'><strong>auctoritatem.</strong></span> 
     </span>
    </p>

    <p class='ocr_par' dir='ltr' id='par_1_26' title="bbox 92 3389 350 3456">
     <span class='ocr_line' id='line_1_30' title="bbox 92 3389 350 3456; baseline 0.019 -7"><span class='ocrx_word' id='word_1_114' title='bbox 92 3390 166 3456; x_wconf 87' lang='grc'><strong>309.</strong></span> <span class='ocrx_word' id='word_1_115' title='bbox 188 3389 235 3448; x_wconf 94' lang='grc'><strong>06</strong></span> <span class='ocrx_word' id='word_1_116' title='bbox 254 3389 350 3455; x_wconf 83' lang='lat' dir='ltr'><strong>feras.</strong></span> 
     </span>
    </p>

    <p class='ocr_par' dir='ltr' id='par_1_27' title="bbox 92 3490 378 3570">
     <span class='ocr_line' id='line_1_31' title="bbox 92 3490 378 3570; baseline 0.003 -15"><span class='ocrx_word' id='word_1_117' title='bbox 92 3491 167 3555; x_wconf 89' lang='grc'><strong>310.</strong></span> <span class='ocrx_word' id='word_1_118' title='bbox 189 3490 236 3549; x_wconf 92' lang='grc'><strong>06</strong></span> <span class='ocrx_word' id='word_1_119' title='bbox 257 3490 378 3570; x_wconf 84' lang='lat' dir='ltr'><strong>pedica.</strong></span> 
     </span>
    </p>

    <p class='ocr_par' dir='ltr' id='par_1_28' title="bbox 92 3591 481 3674">
     <span class='ocr_line' id='line_1_32' title="bbox 92 3591 481 3674; baseline 0.003 -18"><span class='ocrx_word' id='word_1_120' title='bbox 92 3592 167 3656; x_wconf 87' lang='grc'><strong>311.</strong></span> <span class='ocrx_word' id='word_1_121' title='bbox 189 3591 236 3651; x_wconf 89' lang='grc'><strong>06</strong></span> <span class='ocrx_word' id='word_1_122' title='bbox 257 3591 325 3653; x_wconf 83' lang='lat' dir='ltr'>fera</span> <span class='ocrx_word' id='word_1_123' title='bbox 346 3594 481 3674; x_wconf 79' lang='lat' dir='ltr'><strong>plagata.</strong></span> 
     </span>
    </p>

    <p class='ocr_par' dir='ltr' id='par_1_29' title="bbox 94 3693 480 3758">
     <span class='ocr_line' id='line_1_33' title="bbox 94 3693 480 3758; baseline -0.008 -1"><span class='ocrx_word' id='word_1_124' title='bbox 94 3694 167 3758; x_wconf 88' lang='grc'><strong>312.</strong></span> <span class='ocrx_word' id='word_1_125' title='bbox 189 3693 236 3753; x_wconf 93' lang='grc'><strong>06</strong></span> <span class='ocrx_word' id='word_1_126' title='bbox 257 3693 325 3755; x_wconf 81' lang='lat' dir='ltr'>fera</span> <span class='ocrx_word' id='word_1_127' title='bbox 346 3695 480 3756; x_wconf 83' lang='lat' dir='ltr'><strong>inuenta.</strong></span> 
     </span>
    </p>

    <p class='ocr_par' dir='ltr' id='par_1_30' title="bbox 92 3794 455 3860">
     <span class='ocr_line' id='line_1_34' title="bbox 92 3794 455 3860; baseline -0.011 0"><span class='ocrx_word' id='word_1_128' title='bbox 92 3796 167 3860; x_wconf 84' lang='lat'><strong>313.</strong></span> <span class='ocrx_word' id='word_1_129' title='bbox 188 3795 236 3856; x_wconf 90' lang='grc'><strong>06</strong></span> <span class='ocrx_word' id='word_1_130' title='bbox 257 3794 324 3856; x_wconf 86' lang='grc'><strong>1666</strong></span> <span class='ocrx_word' id='word_1_131' title='bbox 347 3797 455 3858; x_wconf 83' lang='lat' dir='ltr'><strong>celata.</strong></span> 
     </span>
    </p>

    <p class='ocr_par' dir='ltr' id='par_1_31' title="bbox 92 3897 499 3978">
     <span class='ocr_line' id='line_1_35' title="bbox 92 3897 499 3978; baseline -0.007 -17"><span class='ocrx_word' id='word_1_132' title='bbox 92 3898 168 3962; x_wconf 84' lang='lat'><strong>314.</strong></span> <span class='ocrx_word' id='word_1_133' title='bbox 190 3897 236 3957; x_wconf 92' lang='grc'><strong>06</strong></span> <span class='ocrx_word' id='word_1_134' title='bbox 258 3897 325 3958; x_wconf 83' lang='lat' dir='ltr'>sera</span> <span class='ocrx_word' id='word_1_135' title='bbox 347 3897 499 3978; x_wconf 78' lang='lat' dir='ltr'><strong>sagittata.</strong></span> 
     </span>
    </p>

    <p class='ocr_par' dir='ltr' id='par_1_32' title="bbox 94 3998 557 4065">
     <span class='ocr_line' id='line_1_36' title="bbox 94 3998 557 4065; baseline 0.006 -3"><span class='ocrx_word' id='word_1_136' title='bbox 94 3999 168 4063; x_wconf 88' lang='grc'><strong>315.</strong></span> <span class='ocrx_word' id='word_1_137' title='bbox 190 3998 237 4059; x_wconf 90' lang='grc'><strong>06</strong></span> <span class='ocrx_word' id='word_1_138' title='bbox 260 4018 354 4060; x_wconf 84' lang='lat' dir='ltr'><strong>cerno</strong></span> <span class='ocrx_word' id='word_1_139' title='bbox 377 3999 557 4065; x_wconf 74' lang='lat' dir='ltr'><strong>domestico.</strong></span> 
     </span>
    </p>

    <p class='ocr_par' dir='ltr' id='par_1_33' title="bbox 96 4100 841 4288">
     <span class='ocr_line' id='line_1_37' title="bbox 96 4100 841 4184; baseline 0.004 -19"><span class='ocrx_word' id='word_1_140' title='bbox 96 4101 169 4166; x_wconf 88' lang='grc'><strong>316.</strong></span> <span class='ocrx_word' id='word_1_141' title='bbox 193 4100 225 4161; x_wconf 84' lang='grc'><strong>61</strong></span> <span class='ocrx_word' id='word_1_142' title='bbox 248 4101 315 4181; x_wconf 90' lang='lat' dir='ltr'>quis</span> <span class='ocrx_word' id='word_1_143' title='bbox 339 4120 465 4162; x_wconf 84' lang='lat' dir='ltr'><strong>ceruum</strong></span> <span class='ocrx_word' id='word_1_144' title='bbox 487 4102 621 4164; x_wconf 85' lang='lat' dir='ltr'>alienum</span> <span class='ocrx_word' id='word_1_145' title='bbox 642 4103 841 4184; x_wconf 82' lang='lat' dir='ltr'><strong>intrigauerit.</strong></span> 
     </span>
     <span class='ocr_line' id='line_1_38' title="bbox 97 4202 559 4288; baseline 0.015 -27"><span class='ocrx_word' id='word_1_146' title='bbox 97 4204 171 4268; x_wconf 79' lang='lat'><strong>317.</strong></span> <span class='ocrx_word' id='word_1_147' title='bbox 192 4202 239 4263; x_wconf 90' lang='grc'><strong>06</strong></span> <span class='ocrx_word' id='word_1_148' title='bbox 262 4221 337 4266; x_wconf 81' lang='lat' dir='ltr'>aues</span> <span class='ocrx_word' id='word_1_149' title='bbox 360 4205 559 4288; x_wconf 82' lang='lat' dir='ltr'><strong>domestigas.</strong></span> 
     </span>
    </p>
   </div>
   <div class='ocr_carea' id='block_1_4' title="bbox 0 0 1293 4710">
    <p class='ocr_par' dir='ltr' id='par_1_34' title="bbox 0 0 1293 4710">
     <span class='ocr_line' id='line_1_39' title="bbox 0 0 1293 4710; baseline 0 0"><span class='ocrx_word' id='word_1_150' title='bbox 0 0 1293 4710; x_wconf 95' lang='lat' dir='ltr'><strong> </strong></span> 
     </span>
    </p>
   </div>
  </div>
 </body>
</html>
