2574 4710
137 401 197 466 118
306 397 544 461 LlVTPRANDl
564 395 690 458 LEGES
712 396 807 457 ANNI
828 397 897 460 XV.
920 397 1003 462 CAP.
1025 397 1077 462 85.

136 585 184 648 sui
212 590 370 665 conponat
398 582 429 643 iu
461 600 555 662 sagro
587 580 714 662 palatio.
778 580 817 642 Et
849 581 876 642 si
904 581 1106 662 quicumque,
1136 581 1240 643 scieus

138 686 271 748 ariolum
293 693 347 748 aut
367 683 508 756 ariolam,
534 703 595 744 non
619 701 674 744 eos
697 682 959 756 manetestauerit,
983 690 1037 745 aut
1057 683 1127 746 illos
1151 683 1242 744 cela-

136 788 233 860 uerit,
268 786 320 867 qui
349 787 390 847 ad
416 785 503 865 ipsos
530 785 660 858 uadent,
688 791 719 845 et
746 802 810 846 non
836 785 1109 858 manetestauerit,
1144 805 1242 866 supra

140 889 273 970 scriptae
285 906 387 968 poene
399 886 567 949 subiaceat.
596 884 657 959 Qui
669 894 772 947 autem
784 906 910 949 seruum
922 907 1012 949 suum
1025 895 1079 948 aut
1093 886 1241 949 ancillam

139 991 180 1052 ad
195 991 282 1070 ipsos
298 988 415 1051 ariolds
433 996 486 1050 aut
501 987 616 1050 ariolas
631 988 838 1050 transmiserit
852 989 892 1049 ad
908 988 1012 1068 aliqua
1027 1008 1185 1068 respousa
1201 991 1240 1050 ab

137 1091 182 1153 eis
204 1091 391 1172 recipienda,
414 1099 446 1152 et
459 1098 625 1171 prouatum
647 1090 749 1163 luerit,
772 1091 984 1170 suprascripta
1005 1109 1144 1170 poenam
1161 1109 1240 1151 cou-

137 1200 243 1274 ponat.
280 1193 312 1254 Si
334 1213 410 1255 uero
433 1212 543 1255 seruus
566 1199 619 1254 aut
641 1191 751 1253 ancilla
774 1192 840 1253 sine
862 1192 1023 1253 uoluntate
1039 1192 1239 1253 dominorum

137 1315 276 1368 suorum,
299 1303 330 1356 et
350 1302 470 1356 tautum
493 1290 540 1355 ex
554 1313 612 1356 sua
634 1293 849 1354 auctoritatem
865 1294 906 1354 ad
922 1293 1056 1354 ariolum
1072 1302 1126 1355 aut
1142 1294 1239 1355 ariola

137 1397 357 1472 ambolauerit‚
391 1395 530 1457 similiter
558 1396 598 1456 ad
628 1395 734 1475 aliqua
760 1415 913 1476 responsa
936 1395 1135 1475 accipienda,
1168 1403 1239 1456 tunc

139 1499 286 1559 dominus
309 1517 419 1559 eorum
441 1498 623 1558 uenundare
646 1516 699 1558 eos
716 1497 830 1559 deueat
852 1497 928 1558 foris
951 1497 1124 1576 prouincia.
1154 1497 1239 1559 Etsi

137 1599 308 1679 neglexerit
331 1598 474 1661 dominus
498 1618 608 1659 eorum
629 1597 691 1659 hoc
712 1598 832 1671 lacere,
862 1600 1095 1678 suprascriptae
1114 1617 1236 1678 poenae

136 1699 311 1764 subiaceat.

222 1799 331 1865 85.11.
376 1800 407 1861 Si
430 1801 498 1881 quis
520 1800 614 1861 iudex
636 1805 689 1860 aut
717 1799 874 1862 sculdahis
904 1808 997 1881 atque
1020 1801 1167 1863 saltarius
1191 1801 1239 1862 uel

137 1902 277 1982 deganus
306 1903 345 1962 de
371 1902 459 1975 loco,
492 1903 544 1963 ubi
574 1901 662 1963 arioli
698 1909 751 1962 aut
783 1902 898 1963 ariolas
929 1901 1035 1975 luerit,
1068 1903 1240 1983 neglexerit

140 2003 255 2063 amodo
277 2003 307 2062 in
330 2012 393 2065 tres
417 2003 532 2066 mensis
556 2019 611 2066 eos
627 2003 791 2083 exquirere
812 2012 844 2064 et
863 2004 1012 2076 inuenire,
1036 2012 1067 2064 et
1087 2024 1146 2083 per
1162 2005 1238 2066 alios

138 2103 283 2166 homiues
305 2104 421 2172 inuenti
442 2106 572 2178 luerent,
595 2112 667 2167 tunc
682 2113 840 2185 conponat
854 2105 1067 2186 unusquisque
1082 2107 1122 2166 de
1136 2106 1239 2168 locum

137 2226 230 2268 suum
252 2208 470 2269 mediaetatem
485 2207 576 2287 pretii
598 2207 653 2279 sui,
677 2207 753 2268 sicut
767 2226 862 2286 supra
883 2207 1003 2287 legitur.
1029 2207 1068 2267 Et
1082 2207 1110 2268 si
1126 2226 1236 2268 maue-

137 2308 286 2370 l'estatum
307 2309 415 2382 luerit,
440 2310 522 2389 quod
546 2308 623 2370 sciat
643 2309 736 2368 iudex
759 2317 811 2369 aut
841 2308 998 2370 sculdahis
1020 2309 1071 2369 uel
1094 2309 1237 2371 saltarius

138 2416 194 2471 aut
220 2410 371 2490 deganus,
404 2411 456 2471 uhi
484 2412 544 2489 ipsi
573 2409 662 2471 arioli
693 2417 746 2471 aut
773 2409 888 2471 ariolas
915 2418 1000 2481 suut,
1034 2417 1065 2471 et
1092 2431 1147 2472 eos
1177 2431 1240 2472 non

138 2511 396 2573 condemuauerit
414 2518 467 2572 aut
480 2512 635 2591 premium
657 2511 768 2585 tulerit,
792 2519 845 2572 aut
867 2511 956 2590 quasi
979 2531 1073 2573 causa
1095 2511 1240 2591 piaetatis

139 2612 191 2672 uel
211 2632 270 2692 pro
294 2613 511 2692 qualicumque
537 2613 626 2693 genio
649 2612 828 2674 absolserit:
866 2621 938 2672 tunc
962 2613 1083 2693 integro
1105 2613 1240 2693 uuirgild

139 2733 198 2775 suo
221 2714 252 2773 iu
275 2731 367 2793 sagro
383 2714 498 2792 palatio
521 2722 686 2794 conponat.
719 2715 799 2775 Nam
822 2713 847 2775 si
869 2734 926 2793 per
946 2714 1079 2775 iudicem
1103 2713 1241 2794 inquisiti

135 2821 191 2876 aut
211 2814 328 2875 inuenti
348 2814 471 2875 luerent
498 2816 564 2877 sine
585 2814 704 2877 noditia
731 2815 904 2887 sculdahis,
933 2825 1003 2877 tune
1023 2815 1142 2876 habeat
1168 2815 1237 2896 ipse

138 2917 233 2976 iudex
254 2924 443 2996 potestatem
464 2917 541 2980 foris
563 2917 725 2997 prouincia
747 2936 802 2978 eos
825 2917 1014 2978 uindendum
1037 2925 1067 2978 et
1083 2920 1241 2997 praetium

137 3017 197 3079 sibi
218 3018 389 3079 tollendum
411 3027 504 3100 atque
526 3020 723 3094 habendum
746 3038 820 3080 nam
835 3021 861 3080 si
877 3038 934 3099 per
949 3018 1107 3081 sculdahis
1122 3018 1242 3080 inuenti

137 3119 268 3191 fuerent,
292 3120 510 3183 mediaetatem
533 3123 572 3182 de
593 3122 663 3201 ipso
678 3120 802 3200 praetio
818 3121 907 3181 tollat
927 3121 1020 3181 iudex
1043 3128 1073 3181 et
1096 3122 1242 3182 mediae-

138 3228 235 3282 tatem
263 3222 429 3288 sculdahis.
479 3224 565 3286 Etsi
587 3225 724 3303 deganus
754 3231 807 3283 aut
835 3222 977 3306 saltarius
1007 3225 1094 3301 ipsos
1122 3222 1240 3284 ariolus

137 3328 193 3383 aut
208 3322 322 3384 ariolas
345 3325 395 3385 uel
417 3325 646 3406 suprascriptds
669 3325 839 3405 sagrilectls
862 3323 1013 3410 inuenerit
1029 3331 1059 3384 et
1081 3324 1239 3386 sculdahis

138 3443 198 3484 suo
227 3425 495 3499 manetestauerit,
525 3435 596 3486 tunc
622 3427 745 3489 tertiam
773 3433 894 3506 partem
919 3426 987 3505 ipse
1016 3425 1163 3487 saltarius
1187 3431 1240 3487 aut

139 3525 278 3604 deganus
308 3527 347 3586 de
372 3528 442 3607 ipso
468 3528 569 3608 pretio
601 3547 658 3608 per
684 3548 777 3609 quem
799 3527 916 3589 inuenti
947 3527 1088 3600 fuerent,
1123 3527 1241 3588 habeat

139 3627 208 3698 sibi,
231 3634 261 3687 et
276 3628 353 3689 duas
376 3630 472 3708 partis
489 3630 577 3691 tollat
595 3630 664 3710 ipse
687 3630 852 3695 sculdahis.
885 3629 924 3691 Et
944 3627 987 3689 ita
1008 3629 1239 3708 prospeximus,

139 3735 173 3788 ut
195 3730 345 3808 unusquis
367 3731 460 3790 iudex
490 3739 520 3792 et
550 3732 707 3793 sculdahis
734 3731 829 3793 faciat
851 3732 971 3792 mittere
993 3750 1180 3810 preconem,
1209 3738 1242 3791 ut

139 3826 192 3909 qui
214 3851 312 3910 usque
335 3832 429 3892 modo
451 3833 521 3912 ipsa
543 3853 601 3894 uec
623 3834 759 3895 dicenda.
778 3853 875 3914 opera
898 3840 1036 3913 egerunt,
1060 3831 1127 3893 sine
1150 3853 1240 3894 mas-

137 3930 225 3992 culus
254 3933 320 3993 siue
348 3933 477 4006 femina,
510 3941 543 3994 ut
571 3937 685 3996 amodo
717 3955 781 3995 non
808 3934 881 4010 fiat;
915 3942 946 3995 ct
974 3933 999 3995 si
1030 3934 1146 3995 amodo
1175 3954 1239 3995 uon

139 4032 285 4106 fecerent,
308 4053 371 4094 non
393 4019 510 4096 uadant
531 4037 667 4102 uenales.
703 4038 783 4097 Nam
805 4037 831 4098 si
853 4043 925 4116 post
945 4036 1047 4115 ipsum
1069 4055 1238 4116 preconem

138 4131 169 4193 in
199 4134 311 4196 talibus
344 4136 432 4197 malis
464 4137 609 4218 operibus
642 4139 759 4200 inuenti
789 4140 930 4211 fuerent,
965 4156 1088 4217 poenae
1122 4157 1237 4218 supra-

135 4236 273 4316 scriptae
302 4238 491 4304 subiaceant.
547 4241 586 4301 Et
613 4239 656 4300 ita
684 4240 829 4302 uolumus
859 4249 951 4321 atque
981 4238 1177 4320 precepimus
1205 4246 1237 4300 ut
