<?xml version="1.0" encoding="UTF-8"?>
<!DOCTYPE html PUBLIC "-//W3C//DTD XHTML 1.0 Transitional//EN"
    "http://www.w3.org/TR/xhtml1/DTD/xhtml1-transitional.dtd">
<html xmlns="http://www.w3.org/1999/xhtml" xml:lang="en" lang="en">
 <head>
  <title>
</title>
<meta http-equiv="Content-Type" content="text/html;charset=utf-8" />
  <meta name='ocr-system' content='tesseract 3.04.00' />
  <meta name='ocr-capabilities' content='ocr_page ocr_carea ocr_par ocr_line ocrx_word'/>
</head>
<body>
  <div class='ocr_page' id='page_1' title='image "./edictusceteraeq00bluhgoog_0071.png"; bbox 0 0 2574 4710; ppageno 0'>
   <div class='ocr_carea' id='block_1_1' title="bbox 304 383 1195 450">
    <p class='ocr_par' dir='ltr' id='par_1_1' title="bbox 304 383 1195 450">
     <span class='ocr_line' id='line_1_1' title="bbox 304 383 1195 450; baseline 0.002 -3"><span class='ocrx_word' id='word_1_1' title='bbox 304 384 471 448; x_wconf 82' lang='lat' dir='ltr'>EDlCTVS</span> <span class='ocrx_word' id='word_1_2' title='bbox 493 384 672 447; x_wconf 83' lang='lat' dir='ltr'>ROTHARI</span> <span class='ocrx_word' id='word_1_3' title='bbox 694 383 778 448; x_wconf 80' lang='lat' dir='ltr'><strong>CAP.</strong></span> <span class='ocrx_word' id='word_1_4' title='bbox 800 384 979 450; x_wconf 78' lang='lat' dir='ltr'>aot-311.</span> <span class='ocrx_word' id='word_1_5' title='bbox 1154 385 1195 449; x_wconf 80' lang='lat'>59</span> 
     </span>
    </p>
   </div>
   <div class='ocr_carea' id='block_1_2' title="bbox 89 568 1196 4324">
    <p class='ocr_par' dir='ltr' id='par_1_2' title="bbox 89 568 1194 842">
     <span class='ocr_line' id='line_1_2' title="bbox 89 568 1193 651; baseline -0.005 -16"><span class='ocrx_word' id='word_1_6' title='bbox 89 573 218 645; x_wconf 87' lang='lat' dir='ltr'>lauerit,</span> <span class='ocrx_word' id='word_1_7' title='bbox 251 579 324 637; x_wconf 86' lang='lat' dir='ltr'>tnnc</span> <span class='ocrx_word' id='word_1_8' title='bbox 351 571 401 632; x_wconf 92' lang='lat' dir='ltr'>ille</span> <span class='ocrx_word' id='word_1_9' title='bbox 428 570 512 632; x_wconf 90' lang='lat' dir='ltr'>cuius</span> <span class='ocrx_word' id='word_1_10' title='bbox 542 590 617 651; x_wconf 84' lang='lat' dir='ltr'><strong>sepe</strong></span> <span class='ocrx_word' id='word_1_11' title='bbox 640 589 709 632; x_wconf 88' lang='lat' dir='ltr'>esse</span> <span class='ocrx_word' id='word_1_12' title='bbox 739 568 907 640; x_wconf 91' lang='lat' dir='ltr'>inuenitur,</span> <span class='ocrx_word' id='word_1_13' title='bbox 938 587 1009 629; x_wconf 90' lang='lat' dir='ltr'>eum</span> <span class='ocrx_word' id='word_1_14' title='bbox 1027 574 1193 646; x_wconf 87' lang='lat' dir='ltr'>conponat.</span> 
     </span>
     <span class='ocr_line' id='line_1_3' title="bbox 92 668 1194 753; baseline -0.005 -17"><span class='ocrx_word' id='word_1_15' title='bbox 92 676 129 738; x_wconf 84' lang='lat' dir='ltr'>Ilt</span> <span class='ocrx_word' id='word_1_16' title='bbox 149 677 309 749; x_wconf 90' lang='lat' dir='ltr'>damnum,</span> <span class='ocrx_word' id='word_1_17' title='bbox 332 673 358 736; x_wconf 92' lang='lat' dir='ltr'>si</span> <span class='ocrx_word' id='word_1_18' title='bbox 379 673 459 734; x_wconf 91' lang='lat' dir='ltr'>intra</span> <span class='ocrx_word' id='word_1_19' title='bbox 480 672 549 753; x_wconf 88' lang='lat' dir='ltr'>ipsa</span> <span class='ocrx_word' id='word_1_20' title='bbox 572 672 717 734; x_wconf 90' lang='lat' dir='ltr'>clausura</span> <span class='ocrx_word' id='word_1_21' title='bbox 738 669 854 743; x_wconf 86' lang='lat' dir='ltr'>iecerit,</span> <span class='ocrx_word' id='word_1_22' title='bbox 882 678 1038 751; x_wconf 90' lang='lat' dir='ltr'>conponat</span> <span class='ocrx_word' id='word_1_23' title='bbox 1059 668 1088 729; x_wconf 93' lang='lat' dir='ltr'>ei</span> <span class='ocrx_word' id='word_1_24' title='bbox 1109 668 1194 730; x_wconf 86' lang='lat' dir='ltr'>cuius</span> 
     </span>
     <span class='ocr_line' id='line_1_4' title="bbox 92 779 316 842; baseline 0.004 -2"><span class='ocrx_word' id='word_1_25' title='bbox 92 779 236 840; x_wconf 85' lang='lat' dir='ltr'>clausura</span> <span class='ocrx_word' id='word_1_26' title='bbox 259 784 316 842; x_wconf 86' lang='lat' dir='ltr'>cst.</span> 
     </span>
    </p>

    <p class='ocr_par' dir='ltr' id='par_1_3' title="bbox 97 874 1196 1467">
     <span class='ocr_line' id='line_1_5' title="bbox 151 874 1196 957; baseline -0.01 -14"><span class='ocrx_word' id='word_1_27' title='bbox 151 875 249 945; x_wconf 69' lang='lat'><strong>‘305.</strong></span> <span class='ocrx_word' id='word_1_28' title='bbox 294 877 325 939; x_wconf 90' lang='lat' dir='ltr'>Si</span> <span class='ocrx_word' id='word_1_29' title='bbox 348 877 416 957; x_wconf 89' lang='lat' dir='ltr'>quis</span> <span class='ocrx_word' id='word_1_30' title='bbox 438 877 591 939; x_wconf 84' lang='lat' dir='ltr'>fossatum</span> <span class='ocrx_word' id='word_1_31' title='bbox 621 875 701 937; x_wconf 92' lang='lat' dir='ltr'>circa</span> <span class='ocrx_word' id='word_1_32' title='bbox 728 894 873 955; x_wconf 88' lang='lat' dir='ltr'>campum</span> <span class='ocrx_word' id='word_1_33' title='bbox 903 894 991 937; x_wconf 89' lang='lat' dir='ltr'>suum</span> <span class='ocrx_word' id='word_1_34' title='bbox 1014 874 1136 945; x_wconf 86' lang='lat' dir='ltr'>iecerit,</span> <span class='ocrx_word' id='word_1_35' title='bbox 1164 879 1196 933; x_wconf 90' lang='lat' dir='ltr'>et</span> 
     </span>
     <span class='ocr_line' id='line_1_6' title="bbox 100 974 1195 1059; baseline -0.007 -16"><span class='ocrx_word' id='word_1_36' title='bbox 100 981 233 1043; x_wconf 87' lang='lat' dir='ltr'>cauallus</span> <span class='ocrx_word' id='word_1_37' title='bbox 257 987 311 1042; x_wconf 89' lang='lat' dir='ltr'>aut</span> <span class='ocrx_word' id='word_1_38' title='bbox 333 979 411 1041; x_wconf 88' lang='lat' dir='ltr'>alter</span> <span class='ocrx_word' id='word_1_39' title='bbox 432 977 570 1059; x_wconf 87' lang='lat' dir='ltr'>peculias</span> <span class='ocrx_word' id='word_1_40' title='bbox 591 977 706 1039; x_wconf 84' lang='lat' dir='ltr'>ibidem</span> <span class='ocrx_word' id='word_1_41' title='bbox 730 977 883 1049; x_wconf 83' lang='lat' dir='ltr'>ceciderit,</span> <span class='ocrx_word' id='word_1_42' title='bbox 914 984 967 1038; x_wconf 92' lang='lat' dir='ltr'>aut</span> <span class='ocrx_word' id='word_1_43' title='bbox 988 976 1085 1036; x_wconf 86' lang='lat' dir='ltr'>horno</span> <span class='ocrx_word' id='word_1_44' title='bbox 1108 974 1195 1054; x_wconf 89' lang='lat' dir='ltr'>peri-</span> 
     </span>
     <span class='ocr_line' id='line_1_7' title="bbox 97 1076 1196 1162; baseline -0.007 -17"><span class='ocrx_word' id='word_1_45' title='bbox 97 1083 262 1155; x_wconf 75' lang='lat' dir='ltr'>clunem,</span> <span class='ocrx_word' id='word_1_46' title='bbox 285 1101 350 1144; x_wconf 92' lang='lat' dir='ltr'>non</span> <span class='ocrx_word' id='word_1_47' title='bbox 376 1081 552 1162; x_wconf 77' lang='lat' dir='ltr'>requiratur</span> <span class='ocrx_word' id='word_1_48' title='bbox 573 1081 613 1143; x_wconf 90' lang='lat' dir='ltr'>ab</span> <span class='ocrx_word' id='word_1_49' title='bbox 634 1079 719 1159; x_wconf 89' lang='lat' dir='ltr'>ipso,</span> <span class='ocrx_word' id='word_1_50' title='bbox 749 1079 833 1141; x_wconf 91' lang='lat' dir='ltr'>cuius</span> <span class='ocrx_word' id='word_1_51' title='bbox 863 1079 1016 1141; x_wconf 84' lang='lat' dir='ltr'>fossatum</span> <span class='ocrx_word' id='word_1_52' title='bbox 1042 1076 1196 1138; x_wconf 88' lang='lat' dir='ltr'>inuenitur</span> 
     </span>
     <span class='ocr_line' id='line_1_8' title="bbox 100 1179 1195 1266; baseline -0.005 -20"><span class='ocrx_word' id='word_1_53' title='bbox 100 1204 178 1258; x_wconf 87' lang='lat' dir='ltr'>csse,</span> <span class='ocrx_word' id='word_1_54' title='bbox 203 1185 276 1266; x_wconf 91' lang='lat' dir='ltr'>quia</span> <span class='ocrx_word' id='word_1_55' title='bbox 298 1203 357 1264; x_wconf 93' lang='lat' dir='ltr'>pro</span> <span class='ocrx_word' id='word_1_56' title='bbox 380 1182 553 1244; x_wconf 89' lang='lat' dir='ltr'>saluatione</span> <span class='ocrx_word' id='word_1_57' title='bbox 584 1181 685 1261; x_wconf 91' lang='lat' dir='ltr'>campi</span> <span class='ocrx_word' id='word_1_58' title='bbox 707 1181 755 1243; x_wconf 90' lang='lat' dir='ltr'>sui</span> <span class='ocrx_word' id='word_1_59' title='bbox 775 1181 860 1253; x_wconf 86' lang='lat' dir='ltr'>iecit,</span> <span class='ocrx_word' id='word_1_60' title='bbox 890 1200 964 1241; x_wconf 91' lang='lat' dir='ltr'>nam</span> <span class='ocrx_word' id='word_1_61' title='bbox 991 1200 1054 1242; x_wconf 95' lang='lat' dir='ltr'>non</span> <span class='ocrx_word' id='word_1_62' title='bbox 1084 1179 1195 1241; x_wconf 86' lang='lat' dir='ltr'>dolose</span> 
     </span>
     <span class='ocr_line' id='line_1_9' title="bbox 98 1281 1195 1363; baseline -0.006 -15"><span class='ocrx_word' id='word_1_63' title='bbox 98 1287 247 1349; x_wconf 88' lang='lat' dir='ltr'>tractauit.</span> <span class='ocrx_word' id='word_1_64' title='bbox 277 1287 316 1346; x_wconf 87' lang='lat' dir='ltr'>Et</span> <span class='ocrx_word' id='word_1_65' title='bbox 337 1284 364 1347; x_wconf 92' lang='lat' dir='ltr'>si</span> <span class='ocrx_word' id='word_1_66' title='bbox 386 1304 455 1345; x_wconf 93' lang='lat' dir='ltr'>eum</span> <span class='ocrx_word' id='word_1_67' title='bbox 472 1283 591 1346; x_wconf 86' lang='lat' dir='ltr'>occulte</span> <span class='ocrx_word' id='word_1_68' title='bbox 612 1282 807 1363; x_wconf 89' lang='lat' dir='ltr'>cooperierit,</span> <span class='ocrx_word' id='word_1_69' title='bbox 830 1292 861 1344; x_wconf 91' lang='lat' dir='ltr'>et</span> <span class='ocrx_word' id='word_1_70' title='bbox 876 1284 1023 1344; x_wconf 91' lang='lat' dir='ltr'>damnum</span> <span class='ocrx_word' id='word_1_71' title='bbox 1039 1282 1065 1344; x_wconf 93' lang='lat' dir='ltr'>si</span> <span class='ocrx_word' id='word_1_72' title='bbox 1079 1281 1195 1344; x_wconf 86' lang='lat' dir='ltr'>factum</span> 
     </span>
     <span class='ocr_line' id='line_1_10' title="bbox 99 1385 887 1467; baseline 0 -17"><span class='ocrx_word' id='word_1_73' title='bbox 99 1389 195 1462; x_wconf 85' lang='lat' dir='ltr'>luerit,</span> <span class='ocrx_word' id='word_1_74' title='bbox 219 1395 415 1467; x_wconf 76' lang='lat' dir='ltr'>conponatur</span> <span class='ocrx_word' id='word_1_75' title='bbox 437 1389 477 1448; x_wconf 86' lang='lat' dir='ltr'>ab</span> <span class='ocrx_word' id='word_1_76' title='bbox 500 1387 568 1466; x_wconf 92' lang='lat' dir='ltr'>ipso</span> <span class='ocrx_word' id='word_1_77' title='bbox 581 1386 644 1466; x_wconf 91' lang='lat' dir='ltr'>qui</span> <span class='ocrx_word' id='word_1_78' title='bbox 666 1386 784 1447; x_wconf 92' lang='lat' dir='ltr'>occulte</span> <span class='ocrx_word' id='word_1_79' title='bbox 806 1385 887 1450; x_wconf 88' lang='lat' dir='ltr'>fecit.</span> 
     </span>
    </p>

    <p class='ocr_par' dir='ltr' id='par_1_4' title="bbox 97 1484 1196 1860">
     <span class='ocr_line' id='line_1_11' title="bbox 176 1484 1194 1569; baseline -0.011 -13"><span class='ocrx_word' id='word_1_80' title='bbox 176 1492 250 1556; x_wconf 85' lang='grc'><strong>300.</strong></span> <span class='ocrx_word' id='word_1_81' title='bbox 294 1490 341 1549; x_wconf 89' lang='lat' dir='ltr'>De</span> <span class='ocrx_word' id='word_1_82' title='bbox 363 1496 467 1568; x_wconf 93' lang='lat' dir='ltr'>puteo.</span> <span class='ocrx_word' id='word_1_83' title='bbox 520 1489 552 1549; x_wconf 89' lang='lat' dir='ltr'>Si</span> <span class='ocrx_word' id='word_1_84' title='bbox 574 1488 689 1569; x_wconf 91' lang='lat' dir='ltr'>aliquid</span> <span class='ocrx_word' id='word_1_85' title='bbox 711 1489 743 1548; x_wconf 91' lang='lat' dir='ltr'>in</span> <span class='ocrx_word' id='word_1_86' title='bbox 764 1495 858 1567; x_wconf 91' lang='lat' dir='ltr'>puteo</span> <span class='ocrx_word' id='word_1_87' title='bbox 887 1487 1011 1549; x_wconf 86' lang='lat' dir='ltr'>alterius</span> <span class='ocrx_word' id='word_1_88' title='bbox 1041 1484 1194 1557; x_wconf 85' lang='lat' dir='ltr'>ceciderit,</span> 
     </span>
     <span class='ocr_line' id='line_1_12' title="bbox 106 1589 1194 1670; baseline -0.002 -19"><span class='ocrx_word' id='word_1_89' title='bbox 106 1598 133 1652; x_wconf 87' lang='lat' dir='ltr'>ct</span> <span class='ocrx_word' id='word_1_90' title='bbox 143 1599 299 1658; x_wconf 91' lang='lat' dir='ltr'>mortuum</span> <span class='ocrx_word' id='word_1_91' title='bbox 316 1599 369 1652; x_wconf 89' lang='lat' dir='ltr'>aut</span> <span class='ocrx_word' id='word_1_92' title='bbox 384 1590 575 1652; x_wconf 85' lang='lat' dir='ltr'>debilitatum</span> <span class='ocrx_word' id='word_1_93' title='bbox 590 1590 690 1662; x_wconf 84' lang='lat' dir='ltr'>fuerit,</span> <span class='ocrx_word' id='word_1_94' title='bbox 713 1610 775 1651; x_wconf 93' lang='lat' dir='ltr'>non</span> <span class='ocrx_word' id='word_1_95' title='bbox 791 1589 967 1670; x_wconf 85' lang='lat' dir='ltr'>requiratur</span> <span class='ocrx_word' id='word_1_96' title='bbox 983 1589 1068 1650; x_wconf 91' lang='lat' dir='ltr'>cuius</span> <span class='ocrx_word' id='word_1_97' title='bbox 1084 1595 1194 1668; x_wconf 90' lang='lat' dir='ltr'>puteus</span> 
     </span>
     <span class='ocr_line' id='line_1_13' title="bbox 100 1691 1196 1774; baseline -0.001 -21"><span class='ocrx_word' id='word_1_98' title='bbox 100 1699 159 1755; x_wconf 87' lang='lat' dir='ltr'>est:</span> <span class='ocrx_word' id='word_1_99' title='bbox 181 1693 254 1774; x_wconf 93' lang='lat' dir='ltr'>quia</span> <span class='ocrx_word' id='word_1_100' title='bbox 277 1701 388 1773; x_wconf 89' lang='lat' dir='ltr'>puteus</span> <span class='ocrx_word' id='word_1_101' title='bbox 411 1711 513 1772; x_wconf 88' lang='lat' dir='ltr'>aquae</span> <span class='ocrx_word' id='word_1_102' title='bbox 536 1692 707 1754; x_wconf 92' lang='lat' dir='ltr'>communis</span> <span class='ocrx_word' id='word_1_103' title='bbox 724 1692 862 1753; x_wconf 91' lang='lat' dir='ltr'>omnium</span> <span class='ocrx_word' id='word_1_104' title='bbox 883 1691 1019 1754; x_wconf 80' lang='lat' dir='ltr'>utilitatis</span> <span class='ocrx_word' id='word_1_105' title='bbox 1041 1691 1196 1753; x_wconf 91' lang='lat' dir='ltr'>inuenitur</span> 
     </span>
     <span class='ocr_line' id='line_1_14' title="bbox 97 1812 174 1860; baseline 0.026 -2"><span class='ocrx_word' id='word_1_106' title='bbox 97 1812 174 1860; x_wconf 84' lang='lat' dir='ltr'>esse.</span> 
     </span>
    </p>

    <p class='ocr_par' dir='ltr' id='par_1_5' title="bbox 94 1896 1196 2471">
     <span class='ocr_line' id='line_1_15' title="bbox 177 1896 1196 1977; baseline -0.006 -13"><span class='ocrx_word' id='word_1_107' title='bbox 177 1899 252 1964; x_wconf 83' lang='lat'>307.</span> <span class='ocrx_word' id='word_1_108' title='bbox 296 1898 342 1958; x_wconf 88' lang='lat' dir='ltr'>De</span> <span class='ocrx_word' id='word_1_109' title='bbox 369 1916 467 1964; x_wconf 84' lang='lat' dir='ltr'>arma,</span> <span class='ocrx_word' id='word_1_110' title='bbox 519 1897 551 1958; x_wconf 86' lang='lat' dir='ltr'>Si</span> <span class='ocrx_word' id='word_1_111' title='bbox 578 1898 646 1976; x_wconf 91' lang='lat' dir='ltr'>quis</span> <span class='ocrx_word' id='word_1_112' title='bbox 674 1896 725 1957; x_wconf 91' lang='lat' dir='ltr'>alii</span> <span class='ocrx_word' id='word_1_113' title='bbox 752 1915 872 1957; x_wconf 90' lang='lat' dir='ltr'>armam</span> <span class='ocrx_word' id='word_1_114' title='bbox 899 1916 987 1958; x_wconf 88' lang='lat' dir='ltr'>suam</span> <span class='ocrx_word' id='word_1_115' title='bbox 1017 1896 1196 1977; x_wconf 89' lang='lat' dir='ltr'>simpliciter</span> 
     </span>
     <span class='ocr_line' id='line_1_16' title="bbox 94 1998 1194 2081; baseline 0.003 -23"><span class='ocrx_word' id='word_1_116' title='bbox 94 1999 290 2079; x_wconf 88' lang='lat' dir='ltr'>prestauerit,</span> <span class='ocrx_word' id='word_1_117' title='bbox 314 2006 345 2061; x_wconf 90' lang='lat' dir='ltr'>et</span> <span class='ocrx_word' id='word_1_118' title='bbox 358 1999 409 2060; x_wconf 92' lang='lat' dir='ltr'>ille</span> <span class='ocrx_word' id='word_1_119' title='bbox 424 1999 476 2081; x_wconf 93' lang='lat' dir='ltr'>qui</span> <span class='ocrx_word' id='word_1_120' title='bbox 498 1999 660 2079; x_wconf 89' lang='lat' dir='ltr'>acceperit,</span> <span class='ocrx_word' id='word_1_121' title='bbox 684 1998 798 2078; x_wconf 92' lang='lat' dir='ltr'>aliquid</span> <span class='ocrx_word' id='word_1_122' title='bbox 821 1998 895 2058; x_wconf 92' lang='lat' dir='ltr'>mali</span> <span class='ocrx_word' id='word_1_123' title='bbox 911 2017 979 2060; x_wconf 92' lang='lat' dir='ltr'>cum</span> <span class='ocrx_word' id='word_1_124' title='bbox 988 1998 1064 2078; x_wconf 83' lang='lat' dir='ltr'>ipsa</span> <span class='ocrx_word' id='word_1_125' title='bbox 1078 1999 1194 2074; x_wconf 86' lang='lat' dir='ltr'>lecerit,</span> 
     </span>
     <span class='ocr_line' id='line_1_17' title="bbox 94 2099 1195 2181; baseline 0.001 -20"><span class='ocrx_word' id='word_1_126' title='bbox 94 2120 155 2162; x_wconf 89' lang='lat' dir='ltr'>non</span> <span class='ocrx_word' id='word_1_127' title='bbox 177 2100 357 2181; x_wconf 86' lang='lat' dir='ltr'>requiratur</span> <span class='ocrx_word' id='word_1_128' title='bbox 377 2101 421 2162; x_wconf 93' lang='lat' dir='ltr'>illi</span> <span class='ocrx_word' id='word_1_129' title='bbox 443 2101 542 2181; x_wconf 88' lang='lat' dir='ltr'>culpa,</span> <span class='ocrx_word' id='word_1_130' title='bbox 567 2101 618 2181; x_wconf 91' lang='lat' dir='ltr'>qui</span> <span class='ocrx_word' id='word_1_131' title='bbox 633 2099 782 2180; x_wconf 89' lang='lat' dir='ltr'>prestetit,</span> <span class='ocrx_word' id='word_1_132' title='bbox 806 2100 861 2160; x_wconf 88' lang='lat' dir='ltr'>sed</span> <span class='ocrx_word' id='word_1_133' title='bbox 878 2101 905 2159; x_wconf 91' lang='lat' dir='ltr'>ei</span> <span class='ocrx_word' id='word_1_134' title='bbox 922 2101 972 2179; x_wconf 91' lang='lat' dir='ltr'>qui</span> <span class='ocrx_word' id='word_1_135' title='bbox 994 2101 1109 2162; x_wconf 92' lang='lat' dir='ltr'>malum</span> <span class='ocrx_word' id='word_1_136' title='bbox 1125 2121 1195 2162; x_wconf 92' lang='lat' dir='ltr'>cum</span> 
     </span>
     <span class='ocr_line' id='line_1_18' title="bbox 94 2200 1194 2284; baseline 0 -21"><span class='ocrx_word' id='word_1_137' title='bbox 94 2221 132 2264; x_wconf 91' lang='lat' dir='ltr'>ea</span> <span class='ocrx_word' id='word_1_138' title='bbox 153 2203 340 2284; x_wconf 89' lang='lat' dir='ltr'>penetrauit.</span> <span class='ocrx_word' id='word_1_139' title='bbox 383 2204 421 2264; x_wconf 90' lang='lat' dir='ltr'>Et</span> <span class='ocrx_word' id='word_1_140' title='bbox 443 2223 460 2263; x_wconf 91' lang='lat' dir='ltr'>e</span> <span class='ocrx_word' id='word_1_141' title='bbox 483 2202 656 2274; x_wconf 91' lang='lat' dir='ltr'>contrario,</span> <span class='ocrx_word' id='word_1_142' title='bbox 680 2201 706 2263; x_wconf 93' lang='lat' dir='ltr'>si</span> <span class='ocrx_word' id='word_1_143' title='bbox 727 2201 777 2261; x_wconf 91' lang='lat' dir='ltr'>ille</span> <span class='ocrx_word' id='word_1_144' title='bbox 801 2200 853 2280; x_wconf 89' lang='lat' dir='ltr'>qui</span> <span class='ocrx_word' id='word_1_145' title='bbox 876 2201 1031 2280; x_wconf 86' lang='lat' dir='ltr'>prestetit,</span> <span class='ocrx_word' id='word_1_146' title='bbox 1055 2221 1194 2264; x_wconf 91' lang='lat' dir='ltr'>consen-</span> 
     </span>
     <span class='ocr_line' id='line_1_19' title="bbox 95 2302 1193 2384; baseline 0.001 -19"><span class='ocrx_word' id='word_1_147' title='bbox 95 2324 163 2365; x_wconf 87' lang='lat' dir='ltr'>sum</span> <span class='ocrx_word' id='word_1_148' title='bbox 186 2305 228 2366; x_wconf 90' lang='lat' dir='ltr'>ad</span> <span class='ocrx_word' id='word_1_149' title='bbox 251 2305 367 2368; x_wconf 89' lang='lat' dir='ltr'>malum</span> <span class='ocrx_word' id='word_1_150' title='bbox 389 2304 564 2366; x_wconf 86' lang='lat' dir='ltr'>faciendum</span> <span class='ocrx_word' id='word_1_151' title='bbox 587 2303 711 2375; x_wconf 88' lang='lat' dir='ltr'>habuit,</span> <span class='ocrx_word' id='word_1_152' title='bbox 742 2302 877 2382; x_wconf 83' lang='lat' dir='ltr'>collegas</span> <span class='ocrx_word' id='word_1_153' title='bbox 901 2302 943 2363; x_wconf 92' lang='lat' dir='ltr'>illi</span> <span class='ocrx_word' id='word_1_154' title='bbox 969 2304 1008 2364; x_wconf 91' lang='lat' dir='ltr'>sit</span> <span class='ocrx_word' id='word_1_155' title='bbox 1030 2304 1069 2363; x_wconf 89' lang='lat' dir='ltr'>ad</span> <span class='ocrx_word' id='word_1_156' title='bbox 1091 2303 1193 2384; x_wconf 93' lang='lat' dir='ltr'>ipsum</span> 
     </span>
     <span class='ocr_line' id='line_1_20' title="bbox 98 2406 417 2471; baseline 0.016 -5"><span class='ocrx_word' id='word_1_157' title='bbox 98 2406 211 2468; x_wconf 89' lang='lat' dir='ltr'>malum</span> <span class='ocrx_word' id='word_1_158' title='bbox 234 2408 417 2471; x_wconf 86' lang='lat' dir='ltr'>sanandum.</span> 
     </span>
    </p>

    <p class='ocr_par' dir='ltr' id='par_1_6' title="bbox 91 2507 1195 2793">
     <span class='ocr_line' id='line_1_21' title="bbox 177 2507 1195 2589; baseline -0.006 -14"><span class='ocrx_word' id='word_1_159' title='bbox 177 2509 252 2575; x_wconf 81' lang='lat'><strong>308.</strong></span> <span class='ocrx_word' id='word_1_160' title='bbox 298 2509 329 2570; x_wconf 90' lang='lat' dir='ltr'>Si</span> <span class='ocrx_word' id='word_1_161' title='bbox 351 2509 419 2589; x_wconf 91' lang='lat' dir='ltr'>quis</span> <span class='ocrx_word' id='word_1_162' title='bbox 449 2528 539 2570; x_wconf 90' lang='lat' dir='ltr'>suam</span> <span class='ocrx_word' id='word_1_163' title='bbox 570 2507 784 2569; x_wconf 86' lang='lat' dir='ltr'>auctoritatem</span> <span class='ocrx_word' id='word_1_164' title='bbox 813 2527 900 2568; x_wconf 90' lang='lat' dir='ltr'>arma</span> <span class='ocrx_word' id='word_1_165' title='bbox 930 2507 1056 2571; x_wconf 89' lang='lat' dir='ltr'>alterius</span> <span class='ocrx_word' id='word_1_166' title='bbox 1085 2509 1195 2570; x_wconf 89' lang='lat' dir='ltr'>tollere</span> 
     </span>
     <span class='ocr_line' id='line_1_22' title="bbox 94 2608 1194 2691; baseline 0.004 -21"><span class='ocrx_word' id='word_1_167' title='bbox 94 2609 334 2690; x_wconf 87' lang='lat' dir='ltr'>presumpserit,</span> <span class='ocrx_word' id='word_1_168' title='bbox 365 2616 396 2670; x_wconf 91' lang='lat' dir='ltr'>et</span> <span class='ocrx_word' id='word_1_169' title='bbox 418 2610 534 2671; x_wconf 92' lang='lat' dir='ltr'>malum</span> <span class='ocrx_word' id='word_1_170' title='bbox 564 2629 634 2671; x_wconf 90' lang='lat' dir='ltr'>cum</span> <span class='ocrx_word' id='word_1_171' title='bbox 663 2628 701 2670; x_wconf 90' lang='lat' dir='ltr'>ea</span> <span class='ocrx_word' id='word_1_172' title='bbox 729 2608 850 2681; x_wconf 84' lang='lat' dir='ltr'>fecerit,</span> <span class='ocrx_word' id='word_1_173' title='bbox 880 2629 943 2671; x_wconf 90' lang='lat' dir='ltr'>non</span> <span class='ocrx_word' id='word_1_174' title='bbox 966 2610 1005 2672; x_wconf 87' lang='lat' dir='ltr'>sit</span> <span class='ocrx_word' id='word_1_175' title='bbox 1026 2610 1072 2671; x_wconf 92' lang='lat' dir='ltr'>illi</span> <span class='ocrx_word' id='word_1_176' title='bbox 1094 2611 1194 2691; x_wconf 90' lang='lat' dir='ltr'>culpa,</span> 
     </span>
     <span class='ocr_line' id='line_1_23' title="bbox 91 2711 991 2793; baseline 0 -20"><span class='ocrx_word' id='word_1_177' title='bbox 91 2712 178 2774; x_wconf 88' lang='lat' dir='ltr'>cuius</span> <span class='ocrx_word' id='word_1_178' title='bbox 202 2731 292 2773; x_wconf 93' lang='lat' dir='ltr'>arma</span> <span class='ocrx_word' id='word_1_179' title='bbox 314 2720 370 2784; x_wconf 91' lang='lat' dir='ltr'>est,</span> <span class='ocrx_word' id='word_1_180' title='bbox 393 2713 449 2774; x_wconf 91' lang='lat' dir='ltr'>sed</span> <span class='ocrx_word' id='word_1_181' title='bbox 470 2711 522 2783; x_wconf 91' lang='lat' dir='ltr'>illi,</span> <span class='ocrx_word' id='word_1_182' title='bbox 546 2711 598 2793; x_wconf 93' lang='lat' dir='ltr'>qui</span> <span class='ocrx_word' id='word_1_183' title='bbox 620 2730 690 2772; x_wconf 92' lang='lat' dir='ltr'>cum</span> <span class='ocrx_word' id='word_1_184' title='bbox 713 2729 751 2772; x_wconf 90' lang='lat' dir='ltr'>ea</span> <span class='ocrx_word' id='word_1_185' title='bbox 772 2711 888 2772; x_wconf 91' lang='lat' dir='ltr'>malum</span> <span class='ocrx_word' id='word_1_186' title='bbox 910 2711 991 2779; x_wconf 84' lang='lat' dir='ltr'>fecit.</span> 
     </span>
    </p>

    <p class='ocr_par' dir='ltr' id='par_1_7' title="bbox 95 2813 1196 3607">
     <span class='ocr_line' id='line_1_24' title="bbox 178 2813 1196 2896; baseline -0.005 -15"><span class='ocrx_word' id='word_1_187' title='bbox 178 2817 252 2880; x_wconf 89' lang='grc'><strong>300.</strong></span> <span class='ocrx_word' id='word_1_188' title='bbox 295 2814 439 2879; x_wconf 86' lang='lat' dir='ltr'>Deiera.</span> <span class='ocrx_word' id='word_1_189' title='bbox 485 2813 516 2874; x_wconf 89' lang='lat' dir='ltr'>Si</span> <span class='ocrx_word' id='word_1_190' title='bbox 546 2833 608 2893; x_wconf 90' lang='lat' dir='ltr'>qua</span> <span class='ocrx_word' id='word_1_191' title='bbox 635 2813 703 2875; x_wconf 85' lang='lat' dir='ltr'>fera</span> <span class='ocrx_word' id='word_1_192' title='bbox 730 2815 769 2874; x_wconf 89' lang='lat' dir='ltr'>ab</span> <span class='ocrx_word' id='word_1_193' title='bbox 797 2813 924 2874; x_wconf 90' lang='lat' dir='ltr'>homine</span> <span class='ocrx_word' id='word_1_194' title='bbox 953 2815 1078 2896; x_wconf 84' lang='lat' dir='ltr'>plagata</span> <span class='ocrx_word' id='word_1_195' title='bbox 1105 2815 1196 2876; x_wconf 85' lang='lat' dir='ltr'>fuerit</span> 
     </span>
     <span class='ocr_line' id='line_1_25' title="bbox 95 2915 1194 2996; baseline 0.001 -19"><span class='ocrx_word' id='word_1_196' title='bbox 95 2915 177 2977; x_wconf 91' lang='lat' dir='ltr'>etin</span> <span class='ocrx_word' id='word_1_197' title='bbox 200 2916 270 2996; x_wconf 93' lang='lat' dir='ltr'>ipso</span> <span class='ocrx_word' id='word_1_198' title='bbox 292 2917 397 2978; x_wconf 87' lang='lat' dir='ltr'>furore</span> <span class='ocrx_word' id='word_1_199' title='bbox 419 2916 579 2976; x_wconf 92' lang='lat' dir='ltr'>hominem</span> <span class='ocrx_word' id='word_1_200' title='bbox 601 2915 759 2987; x_wconf 86' lang='lat' dir='ltr'>occiderit,</span> <span class='ocrx_word' id='word_1_201' title='bbox 789 2924 841 2976; x_wconf 91' lang='lat' dir='ltr'>aut</span> <span class='ocrx_word' id='word_1_202' title='bbox 864 2916 1025 2996; x_wconf 88' lang='lat' dir='ltr'>quodlibet</span> <span class='ocrx_word' id='word_1_203' title='bbox 1047 2918 1194 2978; x_wconf 89' lang='lat' dir='ltr'>damnum</span> 
     </span>
     <span class='ocr_line' id='line_1_26' title="bbox 96 3016 1195 3099; baseline 0.001 -21"><span class='ocrx_word' id='word_1_204' title='bbox 96 3018 212 3090; x_wconf 84' lang='lat' dir='ltr'>iecerit,</span> <span class='ocrx_word' id='word_1_205' title='bbox 235 3026 308 3080; x_wconf 90' lang='lat' dir='ltr'>tunc</span> <span class='ocrx_word' id='word_1_206' title='bbox 329 3019 397 3098; x_wconf 90' lang='lat' dir='ltr'>ipse</span> <span class='ocrx_word' id='word_1_207' title='bbox 420 3018 472 3099; x_wconf 93' lang='lat' dir='ltr'>qui</span> <span class='ocrx_word' id='word_1_208' title='bbox 498 3017 636 3099; x_wconf 84' lang='lat' dir='ltr'>plagauit</span> <span class='ocrx_word' id='word_1_209' title='bbox 663 3019 765 3096; x_wconf 88' lang='lat' dir='ltr'>ipsum</span> <span class='ocrx_word' id='word_1_210' title='bbox 791 3016 993 3078; x_wconf 90' lang='lat' dir='ltr'>homicidium</span> <span class='ocrx_word' id='word_1_211' title='bbox 1021 3027 1073 3080; x_wconf 93' lang='lat' dir='ltr'>aut</span> <span class='ocrx_word' id='word_1_212' title='bbox 1100 3020 1195 3080; x_wconf 91' lang='lat' dir='ltr'>dam-</span> 
     </span>
     <span class='ocr_line' id='line_1_27' title="bbox 96 3117 1194 3200; baseline 0.002 -21"><span class='ocrx_word' id='word_1_213' title='bbox 96 3140 169 3180; x_wconf 93' lang='lat' dir='ltr'>num</span> <span class='ocrx_word' id='word_1_214' title='bbox 203 3128 380 3200; x_wconf 89' lang='lat' dir='ltr'>conponat,</span> <span class='ocrx_word' id='word_1_215' title='bbox 416 3122 473 3182; x_wconf 89' lang='lat' dir='ltr'>snb</span> <span class='ocrx_word' id='word_1_216' title='bbox 507 3139 545 3180; x_wconf 87' lang='lat' dir='ltr'>ea</span> <span class='ocrx_word' id='word_1_217' title='bbox 577 3117 702 3179; x_wconf 89' lang='lat' dir='ltr'>uidilicit</span> <span class='ocrx_word' id='word_1_218' title='bbox 735 3119 975 3196; x_wconf 88' lang='lat' dir='ltr'>obseruatione,</span> <span class='ocrx_word' id='word_1_219' title='bbox 1012 3128 1045 3180; x_wconf 93' lang='lat' dir='ltr'>ut</span> <span class='ocrx_word' id='word_1_220' title='bbox 1077 3120 1194 3181; x_wconf 90' lang='lat' dir='ltr'>tamdiu</span> 
     </span>
     <span class='ocr_line' id='line_1_28' title="bbox 95 3220 1196 3302; baseline 0.001 -21"><span class='ocrx_word' id='word_1_221' title='bbox 95 3220 291 3302; x_wconf 84' lang='lat' dir='ltr'>intellegatur</span> <span class='ocrx_word' id='word_1_222' title='bbox 306 3221 397 3301; x_wconf 90' lang='lat' dir='ltr'>culpa</span> <span class='ocrx_word' id='word_1_223' title='bbox 418 3223 587 3292; x_wconf 90' lang='lat' dir='ltr'>uenatoris,</span> <span class='ocrx_word' id='word_1_224' title='bbox 611 3220 758 3300; x_wconf 90' lang='lat' dir='ltr'>quamdiu</span> <span class='ocrx_word' id='word_1_225' title='bbox 781 3239 851 3280; x_wconf 88' lang='lat' dir='ltr'>eam</span> <span class='ocrx_word' id='word_1_226' title='bbox 873 3229 995 3282; x_wconf 88' lang='lat' dir='ltr'>secutus</span> <span class='ocrx_word' id='word_1_227' title='bbox 1018 3221 1118 3294; x_wconf 86' lang='lat' dir='ltr'>luerit,</span> <span class='ocrx_word' id='word_1_228' title='bbox 1142 3228 1196 3282; x_wconf 91' lang='lat' dir='ltr'>aut</span> 
     </span>
     <span class='ocr_line' id='line_1_29' title="bbox 96 3321 1196 3402; baseline 0.001 -20"><span class='ocrx_word' id='word_1_229' title='bbox 96 3323 182 3385; x_wconf 91' lang='lat' dir='ltr'>canis</span> <span class='ocrx_word' id='word_1_230' title='bbox 210 3323 317 3402; x_wconf 85' lang='lat' dir='ltr'>ipsius.</span> <span class='ocrx_word' id='word_1_231' title='bbox 373 3323 454 3384; x_wconf 91' lang='lat' dir='ltr'>Nam</span> <span class='ocrx_word' id='word_1_232' title='bbox 481 3323 508 3384; x_wconf 92' lang='lat' dir='ltr'>si</span> <span class='ocrx_word' id='word_1_233' title='bbox 535 3324 603 3401; x_wconf 88' lang='lat' dir='ltr'>ipsa</span> <span class='ocrx_word' id='word_1_234' title='bbox 631 3321 699 3382; x_wconf 85' lang='lat' dir='ltr'>fera</span> <span class='ocrx_word' id='word_1_235' title='bbox 726 3322 938 3401; x_wconf 89' lang='lat' dir='ltr'>postposuerit</span> <span class='ocrx_word' id='word_1_236' title='bbox 968 3330 998 3383; x_wconf 89' lang='lat' dir='ltr'>et</span> <span class='ocrx_word' id='word_1_237' title='bbox 1026 3341 1060 3383; x_wconf 91' lang='lat' dir='ltr'>se</span> <span class='ocrx_word' id='word_1_238' title='bbox 1088 3324 1127 3382; x_wconf 91' lang='lat' dir='ltr'>ab</span> <span class='ocrx_word' id='word_1_239' title='bbox 1157 3341 1196 3384; x_wconf 91' lang='lat' dir='ltr'>ea</span> 
     </span>
     <span class='ocr_line' id='line_1_30' title="bbox 98 3422 1194 3506; baseline -0.001 -21"><span class='ocrx_word' id='word_1_240' title='bbox 98 3424 277 3502; x_wconf 91' lang='lat' dir='ltr'>tumauerit,</span> <span class='ocrx_word' id='word_1_241' title='bbox 307 3433 479 3506; x_wconf 90' lang='lat' dir='ltr'>posteaque</span> <span class='ocrx_word' id='word_1_242' title='bbox 501 3425 569 3484; x_wconf 85' lang='lat' dir='ltr'>fera</span> <span class='ocrx_word' id='word_1_243' title='bbox 596 3423 664 3502; x_wconf 91' lang='lat' dir='ltr'>ipsa</span> <span class='ocrx_word' id='word_1_244' title='bbox 688 3423 835 3485; x_wconf 90' lang='lat' dir='ltr'>damnum</span> <span class='ocrx_word' id='word_1_245' title='bbox 857 3422 973 3499; x_wconf 87' lang='lat' dir='ltr'>lecerit,</span> <span class='ocrx_word' id='word_1_246' title='bbox 1000 3441 1062 3484; x_wconf 88' lang='lat' dir='ltr'>non</span> <span class='ocrx_word' id='word_1_247' title='bbox 1085 3423 1194 3504; x_wconf 90' lang='lat' dir='ltr'>requi-</span> 
     </span>
     <span class='ocr_line' id='line_1_31' title="bbox 96 3524 782 3607; baseline 0.007 -22"><span class='ocrx_word' id='word_1_248' title='bbox 96 3534 183 3587; x_wconf 86' lang='lat' dir='ltr'>ratur</span> <span class='ocrx_word' id='word_1_249' title='bbox 205 3529 245 3588; x_wconf 87' lang='lat' dir='ltr'>ab</span> <span class='ocrx_word' id='word_1_250' title='bbox 268 3545 306 3588; x_wconf 92' lang='lat' dir='ltr'>eo</span> <span class='ocrx_word' id='word_1_251' title='bbox 330 3526 382 3607; x_wconf 93' lang='lat' dir='ltr'>qui</span> <span class='ocrx_word' id='word_1_252' title='bbox 402 3525 540 3607; x_wconf 83' lang='lat' dir='ltr'>plagauit</span> <span class='ocrx_word' id='word_1_253' title='bbox 562 3532 615 3586; x_wconf 91' lang='lat' dir='ltr'>aut</span> <span class='ocrx_word' id='word_1_254' title='bbox 636 3524 782 3590; x_wconf 91' lang='lat' dir='ltr'>incitauit.</span> 
     </span>
    </p>

    <p class='ocr_par' dir='ltr' id='par_1_8' title="bbox 96 3626 1195 3912">
     <span class='ocr_line' id='line_1_32' title="bbox 179 3626 1194 3709; baseline -0.001 -15"><span class='ocrx_word' id='word_1_255' title='bbox 179 3631 253 3695; x_wconf 87' lang='lat'><strong>310.</strong></span> <span class='ocrx_word' id='word_1_256' title='bbox 296 3628 342 3688; x_wconf 89' lang='lat' dir='ltr'>De</span> <span class='ocrx_word' id='word_1_257' title='bbox 363 3627 484 3709; x_wconf 91' lang='lat' dir='ltr'>pedica.</span> <span class='ocrx_word' id='word_1_258' title='bbox 527 3627 560 3688; x_wconf 88' lang='lat' dir='ltr'>Si</span> <span class='ocrx_word' id='word_1_259' title='bbox 581 3627 611 3687; x_wconf 91' lang='lat' dir='ltr'>in</span> <span class='ocrx_word' id='word_1_260' title='bbox 634 3627 744 3707; x_wconf 89' lang='lat' dir='ltr'>pedica</span> <span class='ocrx_word' id='word_1_261' title='bbox 766 3628 871 3690; x_wconf 90' lang='lat' dir='ltr'>autin</span> <span class='ocrx_word' id='word_1_262' title='bbox 893 3626 998 3689; x_wconf 88' lang='lat' dir='ltr'>taliola</span> <span class='ocrx_word' id='word_1_263' title='bbox 1020 3627 1087 3688; x_wconf 86' lang='lat' dir='ltr'>fera</span> <span class='ocrx_word' id='word_1_264' title='bbox 1110 3635 1194 3692; x_wconf 89' lang='lat' dir='ltr'>tenta</span> 
     </span>
     <span class='ocr_line' id='line_1_33' title="bbox 98 3728 1195 3811; baseline 0.003 -22"><span class='ocrx_word' id='word_1_265' title='bbox 98 3728 189 3791; x_wconf 84' lang='lat' dir='ltr'>luerit</span> <span class='ocrx_word' id='word_1_266' title='bbox 210 3730 293 3791; x_wconf 89' lang='lat' dir='ltr'>etin</span> <span class='ocrx_word' id='word_1_267' title='bbox 315 3730 474 3792; x_wconf 90' lang='lat' dir='ltr'>hominem</span> <span class='ocrx_word' id='word_1_268' title='bbox 505 3729 610 3791; x_wconf 89' lang='lat' dir='ltr'>autin</span> <span class='ocrx_word' id='word_1_269' title='bbox 640 3729 794 3809; x_wconf 89' lang='lat' dir='ltr'>peculium</span> <span class='ocrx_word' id='word_1_270' title='bbox 817 3729 965 3792; x_wconf 92' lang='lat' dir='ltr'>damnum</span> <span class='ocrx_word' id='word_1_271' title='bbox 986 3730 1105 3804; x_wconf 86' lang='lat' dir='ltr'>fecerit,</span> <span class='ocrx_word' id='word_1_272' title='bbox 1128 3731 1195 3811; x_wconf 89' lang='lat' dir='ltr'>ipse</span> 
     </span>
     <span class='ocr_line' id='line_1_34' title="bbox 96 3830 570 3912; baseline 0.011 -21"><span class='ocrx_word' id='word_1_273' title='bbox 96 3839 253 3911; x_wconf 89' lang='lat' dir='ltr'>conponat</span> <span class='ocrx_word' id='word_1_274' title='bbox 276 3831 327 3912; x_wconf 92' lang='lat' dir='ltr'>qui</span> <span class='ocrx_word' id='word_1_275' title='bbox 348 3830 458 3911; x_wconf 89' lang='lat' dir='ltr'>pedica</span> <span class='ocrx_word' id='word_1_276' title='bbox 480 3830 570 3896; x_wconf 89' lang='lat' dir='ltr'>misit.</span> 
     </span>
    </p>

    <p class='ocr_par' dir='ltr' id='par_1_9' title="bbox 98 3933 1196 4324">
     <span class='ocr_line' id='line_1_35' title="bbox 182 3933 1195 4016; baseline -0.004 -16"><span class='ocrx_word' id='word_1_277' title='bbox 182 3935 254 4000; x_wconf 84' lang='lat'><strong>311.</strong></span> <span class='ocrx_word' id='word_1_278' title='bbox 299 3933 330 3995; x_wconf 89' lang='lat' dir='ltr'>Si</span> <span class='ocrx_word' id='word_1_279' title='bbox 353 3933 421 4013; x_wconf 92' lang='lat' dir='ltr'>quis</span> <span class='ocrx_word' id='word_1_280' title='bbox 445 3933 627 4013; x_wconf 84' lang='lat' dir='ltr'>superiora</span> <span class='ocrx_word' id='word_1_281' title='bbox 649 3936 687 3995; x_wconf 90' lang='lat' dir='ltr'>ab</span> <span class='ocrx_word' id='word_1_282' title='bbox 712 3933 773 3995; x_wconf 91' lang='lat' dir='ltr'>alio</span> <span class='ocrx_word' id='word_1_283' title='bbox 795 3935 937 4016; x_wconf 83' lang='lat' dir='ltr'>plagata,</span> <span class='ocrx_word' id='word_1_284' title='bbox 962 3935 1065 3997; x_wconf 93' lang='lat' dir='ltr'>autin</span> <span class='ocrx_word' id='word_1_285' title='bbox 1088 3935 1195 3997; x_wconf 89' lang='lat' dir='ltr'>taliola</span> 
     </span>
     <span class='ocr_line' id='line_1_36' title="bbox 98 4036 1194 4118; baseline 0.004 -24"><span class='ocrx_word' id='word_1_286' title='bbox 98 4039 191 4108; x_wconf 89' lang='lat' dir='ltr'>tenta,</span> <span class='ocrx_word' id='word_1_287' title='bbox 214 4042 267 4097; x_wconf 89' lang='lat' dir='ltr'>aut</span> <span class='ocrx_word' id='word_1_288' title='bbox 282 4055 301 4097; x_wconf 93' lang='lat' dir='ltr'>a</span> <span class='ocrx_word' id='word_1_289' title='bbox 316 4038 444 4098; x_wconf 85' lang='lat' dir='ltr'>canibus</span> <span class='ocrx_word' id='word_1_290' title='bbox 461 4036 659 4110; x_wconf 88' lang='lat' dir='ltr'>circumdata,</span> <span class='ocrx_word' id='word_1_291' title='bbox 681 4037 739 4098; x_wconf 88' lang='lat' dir='ltr'>iter</span> <span class='ocrx_word' id='word_1_292' title='bbox 754 4057 844 4100; x_wconf 90' lang='lat' dir='ltr'>suum</span> <span class='ocrx_word' id='word_1_293' title='bbox 859 4046 1062 4118; x_wconf 90' lang='lat' dir='ltr'>postponens,</span> <span class='ocrx_word' id='word_1_294' title='bbox 1085 4037 1194 4099; x_wconf 91' lang='lat' dir='ltr'>uolens</span> 
     </span>
     <span class='ocr_line' id='line_1_37' title="bbox 99 4136 1194 4220; baseline 0.004 -24"><span class='ocrx_word' id='word_1_295' title='bbox 99 4153 168 4199; x_wconf 84' lang='lat' dir='ltr'>eam</span> <span class='ocrx_word' id='word_1_296' title='bbox 199 4136 326 4211; x_wconf 87' lang='lat' dir='ltr'>lucrari,</span> <span class='ocrx_word' id='word_1_297' title='bbox 357 4157 451 4218; x_wconf 90' lang='lat' dir='ltr'>super</span> <span class='ocrx_word' id='word_1_298' title='bbox 477 4137 578 4218; x_wconf 89' lang='lat' dir='ltr'>ipsam</span> <span class='ocrx_word' id='word_1_299' title='bbox 601 4158 643 4205; x_wconf 74' lang='lat' dir='ltr'>,se</span> <span class='ocrx_word' id='word_1_300' title='bbox 672 4138 804 4211; x_wconf 91' lang='lat' dir='ltr'>miserit,</span> <span class='ocrx_word' id='word_1_301' title='bbox 833 4147 863 4201; x_wconf 91' lang='lat' dir='ltr'>et</span> <span class='ocrx_word' id='word_1_302' title='bbox 889 4143 928 4201; x_wconf 87' lang='lat' dir='ltr'>ab</span> <span class='ocrx_word' id='word_1_303' title='bbox 956 4140 1024 4220; x_wconf 91' lang='lat' dir='ltr'>ipsa</span> <span class='ocrx_word' id='word_1_304' title='bbox 1052 4140 1194 4220; x_wconf 83' lang='lat' dir='ltr'>plagatus</span> 
     </span>
     <span class='ocr_line' id='line_1_38' title="bbox 100 4237 1196 4324; baseline 0 -24"><span class='ocrx_word' id='word_1_305' title='bbox 100 4237 191 4301; x_wconf 84' lang='lat' dir='ltr'>inerit</span> <span class='ocrx_word' id='word_1_306' title='bbox 219 4247 272 4301; x_wconf 85' lang='lat' dir='ltr'>aut</span> <span class='ocrx_word' id='word_1_307' title='bbox 298 4240 437 4313; x_wconf 90' lang='lat' dir='ltr'>occisus,</span> <span class='ocrx_word' id='word_1_308' title='bbox 472 4261 535 4302; x_wconf 92' lang='lat' dir='ltr'>non</span> <span class='ocrx_word' id='word_1_309' title='bbox 562 4240 738 4321; x_wconf 88' lang='lat' dir='ltr'>requiratur</span> <span class='ocrx_word' id='word_1_310' title='bbox 767 4243 805 4302; x_wconf 89' lang='lat' dir='ltr'>ab</span> <span class='ocrx_word' id='word_1_311' title='bbox 835 4259 873 4303; x_wconf 90' lang='lat' dir='ltr'>eo</span> <span class='ocrx_word' id='word_1_312' title='bbox 902 4241 954 4322; x_wconf 93' lang='lat' dir='ltr'>qui</span> <span class='ocrx_word' id='word_1_313' title='bbox 980 4241 1116 4324; x_wconf 85' lang='lat' dir='ltr'>plagauit</span> <span class='ocrx_word' id='word_1_314' title='bbox 1144 4246 1196 4301; x_wconf 92' lang='lat' dir='ltr'>aut</span> 
     </span>
    </p>
   </div>
   <div class='ocr_carea' id='block_1_3' title="bbox 0 0 1292 4710">
    <p class='ocr_par' dir='ltr' id='par_1_10' title="bbox 0 0 1292 4710">
     <span class='ocr_line' id='line_1_39' title="bbox 0 0 1292 4710; baseline 0 0"><span class='ocrx_word' id='word_1_315' title='bbox 0 0 1292 4710; x_wconf 95' lang='lat' dir='ltr'> </span> 
     </span>
    </p>
   </div>
  </div>
 </body>
</html>
