2574 4710
169 351 230 417 162
437 351 603 442 Emcrvs
623 350 990 417 LANGOBARDORVM.

322 537 363 632 [l.
403 538 463 610 DE
489 538 804 636 ANNOPRIMQ
831 565 865 638 p.
892 539 977 613 Chr.
1006 538 1109 633 750]-

170 723 178 739 .
202 720 209 735 .
233 723 240 739 .
263 673 293 733 in
314 672 514 754 generatione
535 681 567 734 et
594 680 736 754 tempora
766 673 963 753 antiquorum
991 670 1241 754 langobardorum

170 775 388 856 promiserunt,
407 783 438 837 et
458 770 655 855 antiquorum
674 795 801 838 suorum
822 775 1041 857 dispositiones
1061 793 1160 855 usque
1176 794 1242 835 nune

166 886 383 944 'seruauerunt
408 878 474 939 ,Sed
489 878 583 938 modo
599 877 764 938 auxiliante
782 879 910 939 domino
926 886 1034 940 nostro
1054 876 1121 939 iesu
1142 875 1241 938 christo

170 979 325 1053 aistolfus,
353 980 385 1041 in
406 978 503 1060 ipsius
525 979 649 1039 nomine
670 999 726 1039 rex
754 982 856 1059 gentis
882 980 1163 1061 langobardorum,
1186 984 1242 1039 tra-

171 1081 267 1143 ditum
288 1081 378 1144 nobis
401 1101 420 1142 a
442 1081 569 1141 domino
591 1081 739 1161 populum
762 1101 974 1155 romanorum,
997 1101 1080 1144 anno
1102 1079 1241 1160 regiminis

169 1183 286 1264 primo,
314 1183 479 1245 indictione
506 1184 610 1256 tertia,
641 1182 796 1245 residente
826 1184 1057 1245 intra‘ticinum
1080 1183 1114 1243 iu
1142 1179 1242 1263 palatio

170 1293 278 1348 nostro
293 1305 356 1347 una
371 1304 440 1347 cum
462 1285 578 1347 cunctis
599 1285 748 1347 iudicibus
769 1291 808 1346 et
820 1285 1021 1366 langobardis
1042 1286 1241 1346 uniuersorum

170 1387 400 1469 prouinciarum
426 1396 617 1450 nostrarum:
647 1388 837 1467 preuidimus
864 1386 946 1448 euim
968 1395 1016 1460 ut,
1047 1406 1118 1448 eum
1143 1384 1241 1447 edictus

170 1491 434 1571 langobardorum
470 1489 667 1569 antiquorum
694 1509 802 1571 regum
829 1509 1054 1573 ‚precessorum
1080 1493 1240 1551 nostrorum
1280 1526 1282 1539 ·

170 1592 272 1654 fuerat
291 1591 454 1664 institutus,
476 1591 578 1672 paruit
595 1591 626 1651 in
649 1591 714 1654 eius
736 1592 894 1653 uolumine
915 1593 1061 1673 adaugeri
1079 1597 1111 1652 et
1124 1589 1156 1650 iu
1169 1589 1242 1670 capi-
1280 1630 1282 1687 i

171 1694 270 1755 tulare
292 1693 421 1774 affigere
443 1695 493 1755 die
513 1693 717 1754 kalendarum
739 1695 929 1759 martiarum.
1278 1708 1282 1773 1

258 1798 285 1862 l.
327 1795 430 1856 Primo
453 1796 590 1856 omnium
612 1804 786 1858 statuerunt
805 1799 844 1858 de
867 1795 1051 1858 donationes
1072 1795 1155 1867 illas,
1179 1813 1237 1875 quac
1280 1778 1282 1817 ¹

171 1898 252 1959 facte
274 1905 345 1960 sunt
366 1917 384 1959 a
405 1897 508 1959 rachis
530 1916 603 1978 rege
625 1904 656 1959 et
677 1899 772 1961 tassia
794 1899 924 1980 coniuge
950 1899 1063 1979 ipsius,
1094 1906 1129 1959 ut
1157 1895 1232 1957 onnia

171 2000 224 2062 illa
244 2008 413 2080 praecepta
434 2019 515 2080 quae
536 2007 646 2080 postea
662 2001 743 2063 faeta
759 2008 837 2077 sunt,
858 2008 1025 2080 postquam
1040 1999 1235 2062 aistolflacbu

75 2184 78 2189 ἢ
134 2150 137 2155 .
172 2109 220 2164 est
240 2120 305 2175 rex,
335 2109 419 2163 stare
440 2101 614 2164 nullatenus
637 2103 783 2176 debeant,
810 2103 870 2165 nisi
891 2123 948 2184 per
969 2102 1133 2165 ahistulfus
1153 2118 1237 2181 regem
1279 2092 1282 2175 1

172 2204 200 2264 ei
222 2190 334 2276 denuo,
357 2204 405 2265 cui
426 2204 574 2268 donatum
597 2212 653 2280 est,
675 2205 766 2267 luerit
787 2224 979 2271 eoncessum.

255 2309 285 2370 2.
328 2304 375 2364 De
399 2303 469 2366 illos
499 2305 643 2367 homiues
672 2306 723 2386 qui
757 2314 888 2387 possunt
919 2306 1050 2368 loricam
1081 2304 1240 2366 habereut

173 2407 297 2468 minime
318 2407 448 2479 habent,
478 2407 528 2467 uel
549 2401 684 2469 minores
712 2409 871 2482 homiues,
901 2408 954 2490 qui
979 2414 1115 2489 possunt
1142 2405 1240 2467 babere

172 2509 324 2570 oauallum
352 2515 383 2570 et
409 2516 528 2571 scutum
556 2516 586 2571 et
612 2509 752 2571 lanceam
779 2517 809 2572 ct
835 2511 960 2571 minime
986 2510 1120 2581 habent,
1147 2503 1240 2569 uellll

171 2611 313 2673 homines
341 2610 394 2690 qui
422 2630 485 2671 non
512 2618 644 2690 possunt
663 2612 781 2674 habere
802 2632 860 2673 nee
880 2613 998 2674 habent
1018 2612 1102 2674 uude
1124 2627 1240 2692 congro-

171 2731 261 2793 gare,
289 2713 423 2773 debeant
450 2713 568 2774 habere
595 2721 713 2775 scutum
740 2720 771 2774 et
797 2731 937 2780 coccura.
979 2714 1018 2776 Et
1045 2713 1131 2777 stetit
1151 2720 1184 2775 ut
1204 2711 1239 2773 ille

170 2814 283 2901 bomo,
312 2813 363 2894 qui
392 2814 487 2876 habet
514 2822 632 2895 septem
662 2834 751 2876 casas
774 2815 960 2888 massarias‚
985 2816 1104 2878 babeat
1129 2815 1239 2877 loricam

172 2936 260 2979 suam
283 2935 352 2978 cum
374 2915 492 2996 reliqua
514 2916 689 2980 conciatura
710 2934 776 2992 sua,
798 2917 911 2978 debeat
923 2917 1042 2978 babere
1056 2926 1089 2980 et
1103 2917 1240 2989 cauallos;

93 3046 96 3053 ·
172 3029 203 3083 et
217 3018 243 3081 si
257 3018 508 3099 superhabuerit
523 3039 578 3100 per
590 3018 650 3081 isto
670 3038 799 3080 numero
816 3019 928 3081 debeat
940 3019 1059 3081 habere
1074 3019 1208 3081 caballos
1220 3023 1244 3077 et

171 3120 290 3201 reliqua
321 3128 487 3182 armatura.
539 3121 616 3183 ltem
643 3121 771 3201 placuit,
800 3127 834 3182 ut
860 3121 902 3181 illi
929 3120 1087 3194 homines,
1118 3121 1170 3201 qui
1193 3137 1241 3180 non

170 3224 288 3285 habent
308 3241 398 3285 casas
421 3224 588 3285 massarias
612 3231 642 3284 et
661 3224 779 3285 habeut
806 3221 1010 3304 quadraginta
1037 3221 1128 3304 iugis
1145 3231 1240 3291 terrac,

169 3326 307 3387 habeant
329 3324 481 3386 cauallum
503 3332 533 3387 et
553 3331 674 3386 scutum
696 3333 727 3386 et
746 3325 902 3400 lanceam;
929 3325 1002 3385 item
1024 3324 1064 3384 de
1086 3325 1240 3387 minoribus

169 3427 348 3489 hominibus
380 3425 509 3507 principi
539 3426 669 3506 placuit,
702 3434 734 3488 ut
755 3425 781 3489 si
813 3434 946 3505 possunt
975 3426 1094 3488 habere
1127 3432 1239 3493 scutum,

56 3595 58 3599 ,
170 3529 308 3592 habeant
329 3548 459 3591 coccora
481 3548 550 3590 cum
572 3530 699 3610 sagittas
722 3536 753 3590 et
774 3548 889 3594 arcum.
1149 3602 1152 3608 Ι

253 3634 283 3697 3.
326 3631 402 3693 ltem
435 3633 474 3692 de
506 3630 565 3692 illis
598 3630 788 3703 homiuibus,
823 3630 875 3710 qui
907 3628 1099 3710 negotiantes
1127 3631 1241 3692 suntet

169 3732 333 3813 pecunias1
356 3752 419 3794 non
439 3734 571 3794 habeut:
595 3733 646 3812 qui
665 3740 736 3795 sunt
751 3732 883 3794 maiores
900 3739 931 3793 et
944 3738 1098 3812 potentes,
1118 3731 1241 3793 habeant

169 3835 298 3896 loricam
320 3841 351 3896 et
371 3835 517 3911 cauallos,
540 3841 660 3896 scutum
682 3842 712 3896 et
733 3834 890 3910 lanceam;
914 3833 966 3914 qui
987 3842 1058 3896 suut
1078 3839 1240 3914 sequentes,

169 3937 306 3999 habeant
327 3936 480 4010 caballos,
510 3945 630 3999 scutum
652 3943 682 3999 et
703 3937 859 4012 lanceam;
886 3944 917 3998 et
939 3936 1083 4016 quisunt
1107 3926 1253 4000 ruinorea'

168 4037 306 4100 habeant
326 4056 473 4101 coccoras
496 4058 564 4100 cum
586 4038 713 4120 sagittas
736 4045 766 4099 et
788 4056 903 4104 areum.

170 4224 190 4296 ¹)
210 4229 227 4278 t.
248 4240 272 4278 e.
289 4226 425 4304 pecudium.
