2574 4710
99 340 157 404 174
228 360 236 370 ··
365 335 529 399 EDICTVS
551 335 917 400 LANGOBARDORVM.

96 529 127 583 et
147 524 282 584 sortasse
304 523 345 583 ad
375 523 503 583 domum
533 541 622 584 suam
650 522 844 603 perduxerit,
873 540 931 602 per
958 541 1172 603 unumquoque
1211 504 1213 509 ⁵

95 625 224 705 lignum,
258 644 338 705 quae
369 625 515 704 imposita
543 633 614 686 sunt
638 626 791 704 plaustro,
824 623 873 686 his
907 623 993 686 cuius
1026 627 1122 686 bobes
1148 636 1171 688 et

95 713 247 788 ueiculum
272 727 385 788 fuerint
412 746 526 787 nouem
553 725 636 806 ligna
657 723 834 808 componat.
875 728 922 788 De
944 727 1085 807 plaustro
1106 746 1170 788 uero

95 829 173 891 sicut
192 830 263 890 len1
284 835 414 890 testatur
434 829 578 891 iustitiam
600 830 813 908 praeueniant.

180 951 228 1015 12.
272 948 352 1010 Satis
368 948 488 1010 infamis
505 956 535 1010 et
548 949 662 1010 inlicita
678 951 870 1027 consuetudo
885 949 951 1011 istis
972 945 1168 1032 [temporibus]

27 1118 28 1122 Ἰ
93 1050 253 1122 hinoleuit,
275 1052 349 1111 dum
369 1051 525 1131 quaedam
545 1051 745 1113 mulihercule
761 1052 911 1113 defunctis
926 1050 1011 1121 uiris,
1035 1046 1169 1110 maritalis

95 1153 309 1214 dominaturae
331 1153 461 1225 solutae,
482 1153 622 1216 licentius
644 1155 762 1235 proprii
784 1154 901 1216 arbitrii
922 1153 1097 1213 libertatem
1112 1150 1169 1210 iru-

95 1263 195 1320 untur.
238 1255 361 1316 Abitum
384 1255 626 1318 sanctimonialis
647 1257 799 1319 insecrete
823 1256 907 1317 domi
929 1253 1112 1333 suscipiunt,
1138 1272 1169 1312 ue

94 1357 158 1417 uim
175 1342 343 1437 nuptialem
359 1357 581 1437 perpetiantur,
605 1358 719 1439 quippe
734 1367 799 1420 tuta
814 1359 871 1422 sibi
887 1363 996 1420 cuncta
1010 1357 1081 1418 iore
1095 1354 1170 1416 arbi-

94 1465 226 1530 trantur,
256 1459 281 1520 si
310 1458 478 1538 coniugalis
507 1460 675 1522 dominatui
705 1480 768 1521 non
799 1461 1017 1525 subiciantur2.
1072 1457 1168 1537 Sitque

93 1561 174 1631 iecit,
195 1569 229 1621 ut
257 1562 312 1621 sub
335 1567 464 1639 optentu
486 1561 640 1642 religionis
663 1565 766 1624 demta
788 1563 873 1624 omni
892 1561 1070 1629 formidine,
1094 1558 1170 1640 quio-

95 1663 168 1742 quid
191 1662 294 1723 animo
318 1661 517 1735 delectantur,
539 1663 677 1727 licentius
700 1672 915 1745 assequantur.
958 1663 1103 1743 Namque
1121 1662 1167 1721 de-

93 1765 170 1826 liciis
198 1753 342 1838 affluunt,
367 1765 676 1828 commessationibus
704 1768 843 1839 student,
871 1766 985 1846 potibis
1006 1763 1107 1826 uineis
1127 1763 1167 1823 in-

94 1866 296 1946 gurgitantur,
330 1865 454 1926 lauacra
485 1867 695 1947 frequentant,
730 1876 761 1929 et
787 1875 902 1948 quanto
929 1866 1029 1947 magis
1059 1863 1164 1944 assequi

94 1974 239 2049 possunt,
268 1975 354 2029 tanto
383 1969 493 2029 eodem
519 1968 628 2030 habitu
654 1969 697 2029 im
727 1968 853 2051 mollitie
883 1969 1164 2050 delectationemque

93 2071 347 2132 uestimentorum
370 2069 567 2134 habutuntur.
600 2071 693 2152 Igitur
716 2071 743 2133 si
764 2072 889 2152 quando
905 2071 936 2131 in
957 2071 1081 2150 plateas
1102 2087 1167 2149 pro-

94 2192 240 2235 cessurae
269 2178 354 2246 sunt,
382 2171 476 2234 facies
498 2173 642 2252 polliunt,
675 2193 783 2235 manus
806 2173 986 2245 candidam,
1016 2171 1169 2232 incendunt

93 2275 264 2347 liuidinem,
296 2282 329 2334 ut
360 2274 556 2337 noscentibus
587 2275 729 2336 incendia
760 2275 925 2337 misceant:
959 2292 1056 2353 saepe
1083 2272 1168 2344 ,etiarn

93 2378 249 2439 formosis
277 2376 384 2436 uidere
411 2383 504 2456 atque
530 2377 629 2437 uideri
654 2377 863 2456 impudentius
894 2383 1056 2455 appetunt,
1091 2384 1121 2438 et
1144 2381 1169 2435 ut

94 2480 229 2540 brebiter
257 2479 350 2549 dieat,
384 2479 423 2539 ad
451 2498 575 2540 omnem
606 2480 766 2542 lasciuiam
797 2478 1055 2558 uoluntatemque
1088 2476 1168 2538 animi

93 2582 181 2642 frena
209 2581 357 2642 relaxant.
401 2579 469 2640 Hoc
496 2601 619 2662 quoque
646 2582 755 2662 procul
777 2580 870 2642 dubio
897 2579 1074 2641 luxuriante
1100 2579 1166 2641 uitat

93 2684 201 2744 fomite
222 2701 385 2756 succensa,
414 2691 546 2744 exurunt
567 2703 620 2745 eas
643 2683 744 2746 carnis
765 2683 933 2754 incentiba‚
960 2682 1041 2743 adeo
1063 2688 1168 2743 utnon

94 2784 195 2847 solum
217 2784 316 2857 unius,
346 2791 393 2846 set
415 2784 498 2864 quod
521 2784 593 2845 dicit
611 2785 700 2846 nefas
722 2794 778 2860 est,
800 2784 1004 2865 plurimorum
1027 2783 1169 2864 prostitu-

93 2886 228 2948 tionibus
255 2885 392 2946 clanculo
420 2888 668 2963 substernantur;
703 2893 734 2948 et
765 2886 823 2948 nisi
855 2893 961 2948 uterus
992 2883 1169 2959 intumuerit,

93 3008 155 3049 non
182 2987 271 3049 facile
298 2990 527 3067 comprobatur.
571 2989 676 3049 Talem
698 2989 803 3069 itaque
824 2996 943 3068 pestem
972 2989 1171 3049 execrandam

94 3091 195 3153 modis
207 3090 349 3151 omnibus
362 3097 580 3164 contestantes,
596 3091 789 3164 instituimus,
801 3099 834 3152 ut
846 3089 1020 3171 quiuisliuet
1031 3089 1172 3151 affinitate

92 3194 223 3266 iunctae,
245 3192 391 3272 innuptae
406 3192 455 3253 uel
470 3194 591 3269 uiduae,
609 3193 708 3278 [quoe]
725 3191 866 3253 uelamen
883 3198 1008 3253 sanetae
1022 3190 1171 3272 religionis

93 3285 267 3366 induerunt,
299 3302 329 3355 et
351 3295 430 3355 intra
454 3296 525 3356 anni
548 3295 692 3356 circulum
716 3314 779 3368 eas,
803 3302 954 3374 quatenus
977 3292 1111 3354 uoluerit
1130 3290 1172 3352 uel

90 3381 242 3477 potuerit
256 3397 286 3456 in
310 3398 532 3458 monasterium
551 3398 633 3459 trudi
654 3396 836 3469 dilatauerit,
857 3402 1027 3477 propterea
1042 3395 1067 3456 si
1083 3391 1172 3474 stupri

93 3499 218 3559 crimine
239 3499 377 3560 detectae
397 3499 523 3571 fuerint,
552 3506 720 3579 componat
740 3499 901 3579 guidrigild
924 3517 1013 3560 suum
1034 3497 1065 3557 in
1086 3495 1172 3576 pala-

94 3601 186 3676 tium;
218 3601 361 3680 princeps
385 3600 526 3661 uidelicet
548 3601 686 3662 ciusdem
708 3601 855 3680 temporis
878 3600 1037 3679 cumipse
1059 3595 1172 3678 guidri-

93 3703 153 3784 gild
175 3705 330 3782 rebusque
353 3701 486 3783 propriis
508 3704 647 3764 retrudat
669 3722 722 3764 eas
743 3703 774 3762 in
797 3701 1030 3764 monasterium.
1064 3716 1070 3725 ·

178 3816 227 3880 13.
268 3813 398 3874 Diuinae
420 3813 517 3894 legis³
541 3814 706 3876 auctoritas
729 3832 930 3874 communans
952 3818 1097 3875 testatur:
1125 3809 1172 3884 „si

93 3917 162 3997 quis
176 3916 208 3976 in
223 3915 432 3996 captiuitatem
448 3917 576 3989 duxerit,
598 3917 629 3976 in
645 3915 854 3995 captiuitatem
870 3915 993 3978 uadat“.
1020 3913 1171 3974 Hactenus

93 4020 172 4080 adeo
201 4019 280 4079 baec
308 4019 407 4097 patria
434 4019 564 4080 erudelis
596 4018 699 4078 limine
725 4018 892 4098 perniciem
925 4015 1111 4096 perpetitur,
1143 4019 1172 4073 ut

96 4204 116 4274 ¹)
134 4205 235 4272 Liulpr.
257 4202 302 4256 82.
378 4205 397 4273 ²)
418 4204 468 4272 cfr.
488 4207 588 4274 Litrlpr.
608 4205 652 4260 30.
728 4205 754 4273 ³)
768 4204 921 4275 Apocotppa
943 4201 984 4265 13,
1006 4201 1048 4256 to.
