2574 4710
45 370 50 381 ·
156 347 197 411 66
376 341 543 404 unlcrvs
565 341 743 404 ROTHARl
766 341 848 406 CAP.
870 343 1048 408 353-359.

243 531 315 594 353.
360 527 475 588 Siduo
498 525 633 606 porcarii
658 527 795 590 intense
823 525 1010 588 battederint
1036 533 1090 587 aut
1116 530 1227 590 scanda-

158 631 224 691 lum
252 628 477 702 commiserint,
500 629 609 710 plagas
637 636 690 690 aut
717 628 824 692 feritas
854 637 1083 709 conponaturp
1100 647 1168 690 nam
1186 630 1228 693 alia
1275 655 1279 675 ⁶

159 733 249 813 eulpa
270 751 334 793 non
356 731 541 811 requiratur.

243 836 314 900 354.
358 834 405 894 De
427 850 538 912 eampo
562 832 665 892 alieno
688 840 787 894 arato.
831 833 863 893 Si
878 833 946 912 quis
962 852 1106 913 eampum
1122 833 1230 895 alienun

160 937 312 1009 arauerit,
346 935 446 998 sciens
475 954 538 995 non
566 953 673 1011 suum,
712 942 766 995 aut
798 942 969 996 sementem
1002 953 1149 1016 spargere
1173 954 1231 1014 pre-

160 1038 340 1119 sumpserit,
363 1038 475 1118 perdat
495 1054 594 1117 opera
617 1043 648 1097 et
667 1036 778 1117 frugis,
802 1044 832 1097 et
852 1036 904 1098 ille
927 1037 978 1116 qui
1001 1055 1144 1116 campum
1164 1056 1233 1098 suun

161 1135 410 1221 conprobauerit,
431 1139 549 1200 habeat
569 1139 683 1218 fruges.

249 1263 320 1328 355.
368 1261 415 1320 De
438 1278 550 1339 eampo
574 1265 714 1320 exarato.
769 1257 800 1318 Si
823 1258 891 1337 quis
914 1258 1092 1319 exarauerit
1113 1276 1233 1347 campum

161 1363 297 1424 alienum
324 1361 509 1424 seminatum
542 1367 572 1421 et
603 1379 693 1421 suum
725 1379 788 1420 non
817 1360 953 1439 potuerit
979 1378 1132 1440 prouare,
1170 1359 1233 1420 aliud

159 1472 279 1525 tantum
300 1463 420 1543 fruges,
455 1463 540 1543 quod
562 1462 758 1538 deuastauit,
784 1462 914 1542 proprio
942 1462 1070 1523 domino
1093 1461 1199 1522 reddat
1213 1467 1233 1520 at

159 1585 218 1645 pro
241 1566 395 1626 incautam
418 1564 685 1644 presumptionem
708 1570 865 1642 conponat
886 1563 1004 1625 solidos
1028 1582 1093 1626 sex.

244 1685 316 1748 356.
359 1683 406 1744 De
432 1691 524 1763 prato
557 1690 662 1746 secato
690 1689 744 1743 aut
771 1691 912 1744 exarato.
977 1683 1008 1744 Si
1038 1683 1106 1762 quis
1133 1688 1238 1762 pratum

161 1784 296 1846 alienum
318 1786 473 1865 segauerit
494 1794 547 1848 aut
572 1785 765 1857 exarauerit‚
799 1791 830 1845 et
854 1784 958 1845 lenum
981 1785 1109 1857 reddat,
1143 1792 1173 1844 et
1195 1801 1239 1862 pro

160 1886 284 1947 inlecita
305 1886 539 1968 presumptione
562 1894 720 1967 conponat
742 1885 860 1949 solidos
882 1905 947 1951 sex.
1277 1890 1281 1969 l

246 2008 318 2072 357.
362 2007 393 2067 Si
420 2007 488 2086 quis
516 2026 660 2087 eampum
689 2005 824 2067 alienum
851 2014 920 2069 asto
951 2025 1019 2067 cum
1048 2007 1171 2085 peculio
1197 2026 1242 2069 sno

163 2108 293 2183 delierit,
316 2116 369 2170 aut
390 2108 491 2188 spicas
515 2109 657 2170 manibus
680 2108 827 2180 euellerit‚
850 2115 1009 2188 conponat
1030 2108 1150 2171 solidos
1173 2127 1227 2173 seu

246 2231 317 2295 358.
361 2229 441 2289 Nulli
464 2227 503 2290 sit
524 2228 646 2290 licentia
666 2227 848 2290 iterantibus
871 2230 946 2289 erba
967 2247 1099 2308 negare,
1127 2235 1241 2308 excepto

162 2338 254 2410 prato
277 2332 393 2392 intacto
416 2338 558 2409 tempore
580 2323 647 2403 suo,
671 2337 725 2392 aut
745 2348 890 2396 messem.
930 2330 1006 2392 Post
1026 2330 1133 2391 lenum
1157 2338 1245 2392 auten

162 2440 216 2493 aut
236 2432 341 2512 fruges
363 2432 519 2504 collectas,
542 2439 662 2493 tantum
676 2431 803 2493 uindioit
817 2432 902 2493 cuius
923 2439 1007 2492 terra
1030 2439 1086 2505 est,
1110 2439 1248 2512 quantum

163 2552 233 2594 oum
262 2533 405 2595 clausura
433 2551 490 2594 sua
515 2541 620 2611 potest
646 2533 822 2594 defendere.
873 2532 952 2594 Nam
979 2533 1006 2594 si
1034 2533 1173 2596 oauallus
1198 2535 1248 2595 iter

162 2633 345 2696 facientibus
373 2634 412 2693 de
440 2633 542 2713 stupla
571 2641 624 2694 aut
650 2634 689 2694 de
715 2636 784 2714 ipsa
806 2653 939 2715 pascua,
969 2635 1021 2696 ubi
1049 2635 1110 2697 alia
1136 2634 1249 2716 peculia

161 2743 305 2814 pascent,
343 2753 471 2795 mouere
506 2735 746 2815 presumpserit,
781 2737 812 2796 iu
840 2736 973 2816 aotogild
1003 2737 1090 2817 ipsus
1110 2737 1249 2799 ‘oauallrls

163 2843 336 2915 conponat,
368 2855 428 2915 pro
456 2855 494 2896 eo
525 2837 610 2915 quod
640 2836 727 2916 ipsos
755 2839 794 2898 de
823 2857 899 2898 aruo
932 2857 1061 2918 eampo,
1097 2840 1183 2919 quod
1210 2845 1252 2900 est

160 2938 345 3010 fons-acori,
369 2955 495 2998 mouere
516 2937 714 3018 presumpsit.
755 3000 758 3005 ,

250 3057 322 3122 359.
371 3057 418 3116 De
451 3058 663 3123 sacramentis.
723 3059 755 3119 Si
787 3061 1021 3139 qualiscumque
1052 3079 1148 3122 eausa
1179 3061 1253 3121 inter

160 3156 305 3220 homines
327 3158 443 3220 liberos
466 3166 496 3219 et
517 3167 746 3222 sacramentum
768 3162 904 3222 dandum
924 3161 1026 3235 luerit,
1047 3162 1074 3224 si
1096 3161 1252 3242 usquead

161 3258 277 3339 uigenti
306 3259 424 3322 solidos
453 3260 546 3322 fuerit
567 3281 661 3324 causa
683 3263 751 3342 ipsa
774 3271 827 3324 aut
849 3264 996 3344 amplius,
1026 3264 1066 3324 ad
1097 3262 1255 3345 euangelia

163 3368 270 3422 sancta
291 3361 364 3422 inrit
384 3381 452 3422 oum
476 3363 640 3424 duodecim
663 3365 751 3426 aidus
774 3384 859 3437 suos,
881 3365 912 3425 id
935 3374 982 3427 est
1003 3367 1253 3437 sacramentales,

160 3461 204 3523 ita
226 3470 258 3522 ut
281 3481 336 3523 sex
356 3463 399 3523 illi
419 3465 618 3527 nominentur
640 3467 678 3526 ab
701 3465 764 3540 illo,
788 3467 840 3546 qui
860 3467 971 3545 pulsat,
994 3473 1025 3527 et
1047 3469 1199 3548 septimus
1218 3467 1255 3530 sit

161 3561 212 3622 ille
236 3563 287 3641 qui
309 3565 464 3642 pulsatur,
487 3575 517 3628 ot
539 3568 675 3648 quinque
697 3568 804 3647 quales
826 3568 959 3629 uoluerit
978 3569 1113 3643 liberos,
1142 3578 1176 3632 ut
1197 3570 1255 3631 sint

163 3661 336 3728 duodicem.
393 3664 485 3736 Quod
514 3669 541 3731 si
568 3670 669 3730 minor
699 3669 792 3730 fuerit
818 3688 913 3731 eausa
939 3669 978 3730 de
1006 3671 1120 3752 uigenti
1151 3671 1254 3734 solidis

162 3783 262 3842 usque
285 3765 324 3824 ad
348 3765 525 3841 duodicem,
549 3770 607 3832 sibi
628 3778 733 3832 sentus
755 3770 828 3833 iurit
849 3772 889 3832 ad
912 3755 1000 3833 arma
1022 3780 1163 3848 sacrata3
1195 3780 1255 3834 tres

163 3864 191 3924 ei
212 3865 343 3927 nominit
366 3866 418 3946 qui
443 3869 559 3947 pulsat,
590 3880 620 3932 et
643 3872 720 3933 duos
743 3871 860 3934 liberos
886 3873 944 3937 sibi
974 3874 1074 3954 elegat
1102 3873 1155 3953 qui
1184 3874 1257 3954 pul-

162 3973 257 4039 satur,
279 3966 386 4045 quales
407 3969 555 4047 uoluerit;
579 3979 609 4032 et
630 3981 734 4035 sextus
758 3974 797 4035 sit
818 3974 895 4054 ipse.
938 3975 977 4036 Et
998 3975 1025 4037 si
1046 3975 1148 4036 minor
1166 3975 1258 4036 inerit

161 4085 256 4128 eausa
278 4068 317 4127 de
339 4069 502 4132 duodicem
525 4074 642 4147 solidis,
666 4074 724 4137 sibi
746 4074 851 4136 tertius
872 4076 946 4138 iurit
967 4078 1006 4138 ad
1030 4096 1132 4139 arma:
1160 4097 1257 4138 unum

159 4167 188 4229 ei
209 4169 339 4273 nominit
361 4178 392 4231 et
413 4173 507 4233 alium
530 4173 587 4236 sibi
610 4184 728 4254 querat,
752 4183 781 4237 et
802 4178 910 4240 tertius
934 4180 973 4241 sit
992 4179 1070 4258 ipse.
