2574 4710
128 358 337 420 RADELGlSl
359 359 409 418 ET
431 358 624 421 SlGlNVLFl
646 359 805 434 DlVlSlO,
828 382 856 428 a.
880 362 949 426 Chr.
973 365 1043 430 851.
1104 369 1161 432 197

64 543 227 604 dilatione:
264 550 415 604 tarantus.
451 542 626 607 latinianus.
665 562 823 607 cassanus.
862 547 1014 612 cusentia·
1049 548 1160 616 lainus.

63 645 199 708 conscia.
222 644 379 706 montella.
402 652 481 708 rota.
505 645 655 710 salernus.
680 664 801 712 sarnus.
825 647 1016 725 cimiterium.
1032 650 1160 716 furcule.

63 765 175 826 capua.
205 745 315 810 tianus.
343 765 416 806 sora
447 754 476 806 et
504 747 622 808 medius
646 747 838 826 gastaldatus
862 751 1070 824 acerentinus,
1100 771 1161 832 qua

61 855 154 928 parte
177 847 355 909 coniunctus
379 856 427 909 est
441 859 518 907 'cum
540 848 688 910 latiniano
711 858 741 910 et
764 849 929 914 consciam.

151 951 198 1014 10.
242 949 327 1009 Inter
353 951 561 1009 beneuentum
585 957 615 1009 et
641 968 772 1030 capuam
795 951 833 1012 sit
857 950 927 1014 finis
952 955 991 1013 ad
1019 962 1161 1015 sanctum

64 1050 208 1130 angelum
237 1052 275 1112 ad
304 1071 423 1124 cerros,
458 1051 621 1130 pereriens
652 1072 708 1132 per
736 1071 856 1114 serram
889 1055 1001 1115 montis
1035 1055 1160 1135 uirginis

63 1172 164 1232 usque
187 1152 226 1213 ad
249 1152 350 1212 locum
375 1154 426 1231 qui
451 1153 559 1213 dicitnr
583 1154 753 1218 fenestella.
797 1155 880 1215 lnter
902 1157 1107 1216 beneuentum
1130 1165 1162 1219 et

64 1254 221 1314 salernum
246 1254 285 1314 sit
305 1254 376 1315 finis
399 1255 430 1313 in
452 1255 533 1326 loco,
558 1256 609 1335 qui
632 1256 742 1317 dicitur
764 1256 803 1317 ad
825 1257 1017 1336 peregrinos,
1045 1259 1098 1317 ubi
1122 1277 1161 1318 ex

64 1356 192 1435 antiquo
215 1359 254 1420 20
279 1355 420 1415 milliaria
444 1364 514 1417 sunt
543 1377 599 1436 per
625 1366 742 1437 partes,
786 1357 868 1418 lnter
895 1361 1102 1419 beneuentum
1130 1366 1161 1420 et

64 1458 221 1519 consciam
244 1459 283 1519 sit
304 1456 375 1518 finis
399 1458 439 1518 ad
461 1459 563 1541 ipsum
586 1459 721 1520 stafilum
745 1459 784 1519 ad
806 1460 1020 1538 frequentum,
1047 1460 1099 1520 ubi
1122 1479 1161 1521 ex

64 1560 192 1639 antiquo
222 1561 262 1622 20
291 1559 533 1633 milliariasunt
559 1580 616 1640 per
644 1568 760 1640 partes.
807 1561 854 1620 De
885 1562 1028 1634 omnibus
1056 1569 1160 1622 autem

63 1660 241 1722 hominibus
266 1661 317 1740 qni
339 1650 419 1722 inter
447 1670 552 1740 partes
576 1670 660 1732 sunt,
690 1663 714 1723 si
737 1663 768 1721 in
791 1671 932 1724 nostram
954 1663 1103 1743 fugerint,
1133 1664 1160 1725 si

63 1762 255 1842 potuerimus
272 1763 316 1823 eis
339 1763 469 1842 gratiam
491 1782 614 1843 rogare,
637 1764 832 1844 rogauimus;
856 1784 888 1826 es
905 1764 930 1826 si
945 1783 1019 1836 non,
1041 1765 1160 1825 redde-

64 1885 131 1926 mus
156 1883 210 1925 eos
234 1860 362 1943 absque
376 1864 461 1924 omni
481 1864 594 1926 iniusta
617 1865 773 1928 dilatione.
905 1931 907 1936 ,

150 1968 196 2030 ll.
242 1965 272 2024 Si
295 1984 371 2024 uero
393 1972 498 2026 uester
519 1966 616 2027 bomo
632 1967 662 2025 in
679 1985 735 2027 sua
757 1965 929 2026 substantia
942 1967 973 2027 in
990 1986 1061 2027 mea
1074 1975 1159 2028 terra

65 2068 104 2128 ad
134 2067 336 2127 habitandum
365 2067 497 2139 uenerit,
529 2075 559 2128 et
585 2067 653 2146 plus
683 2087 776 2146 quam
807 2074 911 2127 uestra
933 2067 1077 2128 uoluntas
1101 2075 1159 2140 est,

64 2169 199 2241 steterit3
222 2169 274 2228 ubi
296 2167 449 2247 cognitum
474 2167 549 2228 mihi
570 2168 713 2239 feceritis,
736 2188 794 2248 ego
818 2187 888 2227 eum
911 2167 977 2229 sine
999 2168 1083 2228 omni
1105 2168 1159 2227 in-

61 2272 141 2332 iusta
165 2269 310 2330 dilatione
333 2270 541 2331 transmittam
565 2272 604 2330 ad
626 2290 694 2335 uos,
798 2275 801 2278 ⁴

148 2375 196 2437 12.
239 2372 286 2431 De
309 2373 537 2451 unaregnangis
560 2372 724 2443 nobilibus,
750 2371 955 2432 mediocribus
979 2379 1009 2431 et
1034 2371 1158 2433 rusticis
1210 2412 1212 2415 -

61 2474 249 2545 bominibus
280 2473 331 2552 qui
360 2493 459 2553 usqne
480 2492 561 2533 nunc
583 2473 612 2531 in
636 2480 751 2533 terram
776 2471 933 2556 [suestram]
961 2472 1048 2552 lugiti
1076 2479 1156 2545 sunt,

60 2575 203 2637 habeatis
228 2595 292 2636 eos.

148 2680 196 2742 13.
241 2674 385 2754 Similiter
406 2674 547 2736 habeatis
571 2694 678 2736 omnes
700 2675 858 2746 homines,
889 2675 941 2755 qui
962 2673 1104 2736 habitant
1123 2675 1157 2735 in

60 2786 151 2857 parte
172 2786 286 2848 uestra,
314 2783 345 2836 et
366 2775 419 2855 qui
440 2780 517 2837 sunt
533 2779 598 2863 sub
613 2777 736 2841 tributo.

147 2883 196 2945 14.
240 2879 356 2939 Omnes
380 2877 522 2938 homines
546 2877 648 2958 quiin
672 2886 776 2939 uestra
802 2878 948 2958 portione
976 2884 1061 2948 sunt,
1093 2877 1157 2938 ha-

59 2984 156 3042 beant
185 3000 234 3042 res
265 3000 339 3042 suas
365 2979 515 3058 integras,
547 2980 577 3039 in
613 2998 808 3058 quocumque
837 2980 906 3040 loco
939 2996 1028 3038 meae
1058 2979 1154 3057 partis

58 3082 216 3162 pertinent
242 3083 281 3165 de
307 3082 431 3142 illorum
459 3080 654 3151 substantiis,
688 3099 757 3141 cum
790 3081 888 3142 seruis
917 3087 946 3140 et
980 3078 1095 3140 ancillis
1126 3087 1157 3140 et

59 3183 237 3244 aldionibus
260 3183 406 3262 omnique
427 3182 613 3261 pertinentia
635 3199 702 3244 sua.

148 3289 195 3350 15.
240 3284 327 3345 Serui
359 3303 484 3364 quoque
514 3293 544 3345 et
572 3283 701 3343 ancillae
730 3290 824 3361 atque
858 3267 997 3342 aldiones
1030 3289 1157 3342 nestrae
1215 3331 1216 3334 ,

58 3387 158 3468 partis
180 3387 306 3466 fugaces
329 3394 360 3447 et
382 3385 612 3466 apprehensos,
643 3384 830 3462 ubicumque
851 3368 965 3443 fuerint
986 3381 1103 3442 inuenti
1123 3381 1155 3441 in

57 3497 143 3549 terra
164 3495 281 3559 nostra,
304 3488 470 3548 reddemus
486 3487 576 3547 uobis
599 3487 718 3565 absque
732 3484 817 3544 omni
840 3483 996 3554 dilatione,
1019 3487 1050 3543 et
1071 3503 1156 3542 uun-

60 3609 155 3669 quam
171 3608 227 3668 per
248 3596 390 3650 nostram
413 3589 603 3649 uoluntatem
620 3606 638 3648 a
662 3605 858 3670 quocumque
878 3585 1006 3645 homine
1028 3590 1156 3646 nostrae

57 3691 157 3769 partis
180 3690 430 3751 contradicentur
446 3698 499 3751 aut
520 3689 701 3750 retollentur
710 3708 718 3764 ;
741 3696 772 3748 et
787 3689 812 3749 si
827 3686 893 3749 sine
909 3704 979 3746 mea
997 3685 1156 3746 uoluntate

58 3790 152 3852 fuerit
180 3792 311 3862 facturn,
344 3792 395 3851 nbi
423 3792 511 3853 nobis
541 3790 695 3871 cognitum
724 3790 831 3866 fuerit,
866 3787 1015 3848 faciemus
1043 3786 1155 3847 exinde

57 3892 214 3964 iustitiam,
238 3901 268 3953 et
288 3892 358 3954 illos
380 3893 447 3954 sine
468 3893 579 3954 iniusta
602 3892 749 3953 dilatione
770 3891 903 3951 reddere
924 3887 1083 3953 faciemus.

148 3997 194 4058 lli.
238 3994 276 4054 Et
303 3994 328 4054 si
356 3994 489 4074 suspicio
517 3994 624 4066 fuerit,
653 4002 686 4054 ut
713 4000 785 4072 post
811 3998 1039 4053 sacramentnm
1067 3989 1154 4069 pacis

59 4082 263 4156 direxerimus
293 4114 348 4155 eos
378 4114 573 4175 quocumque
603 4095 653 4156 nel
681 4093 939 4174 infugauerimus,
969 4091 995 4154 si
1023 4089 1155 4171 quaesiti

57 4195 181 4269 fuerint,
204 4196 251 4256 eui
273 4197 333 4257 hoc
356 4199 472 4258 crimen
494 4197 662 4258 immitetur
685 4197 723 4256 de
745 4195 803 4267 his,
826 4196 930 4258 sinon
945 4192 1038 4255 fuerit
1058 4212 1153 4255 ausus
