2586 4704
180 331 419 396 LlVTPRANlll
440 333 567 395 LEGES
588 333 683 395 ANNI
705 335 788 400 XIV.
810 335 893 402 CAP.
917 340 966 404 79.
990 340 1041 405 80.
1108 343 1167 408 115

53 516 242 590 statuimus,
260 516 334 598 quia
351 517 513 596 possessio
530 517 661 579 aliorum
680 517 843 580 hominurn
866 523 1035 583 secundum
1050 522 1169 605 lango-

50 619 238 681 bardorum
246 618 494 700 legem[Grim.4]
502 619 534 680 in
542 619 668 700 triginta
677 639 776 682 annos
785 621 906 698 finitur;
919 643 1029 687 causas
1041 625 1165 706 quidem
1273 689 1279 699 ,

51 720 189 801 regalis,
211 720 295 781 unde
311 720 485 800 conpositio
501 729 691 801 expectatur,
708 722 879 786 dublieatas
895 725 1003 787 statuit
1018 727 1168 790 decessor

54 829 176 884 noster
203 821 324 883 rothari
351 840 406 882 rex
437 822 518 906 [cap.
541 822 613 908 369]
647 843 839 904 conponere:
873 834 1042 905 propterea
1072 830 1167 893 nobis

54 930 183 985 rectum
211 941 281 984 cum
306 922 422 985 uostris
451 923 602 985 iudicibus
629 926 793 1005 conparuit
820 945 906 1000 esse,
936 934 969 988 ut
996 936 1027 989 et
1053 929 1084 989 in
1106 931 1166 993 ista

57 1045 160 1089 causa
181 1026 222 1085 de
241 1023 445 1104 possessione
467 1025 660 1104 duplicentur
680 1027 740 1106 ipsi
763 1028 849 1100 anui,
879 1036 912 1089 ut
933 1027 1011 1090 fiant
1032 1033 1082 1095 60.
1126 1032 1167 1094 Et

57 1127 86 1190 si
107 1133 165 1190 aut
185 1126 280 1187 iudex
301 1133 356 1187 aut
370 1132 458 1187 actor
479 1133 586 1188 noster
607 1128 719 1206 ipsum,
743 1128 796 1208 qui
817 1129 1051 1208 possessiouem
1071 1131 1165 1194 talem

56 1229 164 1301 habit,
201 1227 385 1308 pulsauerit,
421 1229 506 1307 quod
533 1228 634 1308 ipsam
662 1250 729 1291 rem
760 1229 872 1292 iniuste
900 1232 1085 1309 possedissit
1112 1242 1167 1297 aut

54 1328 230 1406 inuasissit‚
254 1336 285 1391 et
305 1348 369 1389 nou
391 1328 452 1391 sint
473 1331 606 1410 conpleti
628 1332 788 1413 sexaginta
811 1331 897 1392 anni:
919 1340 991 1394 tuuc
1013 1332 1064 1394 ille
1079 1335 1165 1397 cuius

59 1431 225 1513 possessio
256 1439 317 1502 est,
346 1430 428 1491 dicat
453 1431 571 1495 iuratus
600 1434 639 1494 ad
667 1440 775 1494 sancta
804 1434 965 1515 euangelia
993 1442 1046 1497 aut
1068 1437 1107 1497 de
1130 1456 1165 1499 se

63 1541 116 1594 aut
136 1534 175 1594 de
198 1541 289 1613 patre
311 1540 365 1594 aut
387 1533 427 1592 de
449 1532 538 1605 auio,
569 1535 654 1614 quod
676 1534 776 1613 ipsam
804 1555 870 1596 rem
899 1554 956 1615 per
983 1537 1162 1617 principem,

69 1634 188 1714 qualem
209 1653 305 1723 ausus
327 1633 419 1694 fuerit
439 1634 617 1708 nominare,
644 1636 711 1716 ipse
740 1645 793 1698 aut
821 1637 959 1716 parentis
987 1638 1084 1718 ipsius
1107 1658 1165 1719 per

68 1735 224 1816 sexaginta
254 1753 353 1797 annos
380 1735 581 1815 possedissit,
612 1756 670 1797 nec
698 1756 768 1799 eam
798 1757 856 1817 per
882 1738 982 1819 legem
1010 1740 1164 1802 dimittere

63 1837 192 1910 deueat,
220 1844 252 1898 et
274 1837 312 1898 sit
337 1844 449 1916 postea
470 1857 608 1900 securus.
658 1838 698 1900 Et
718 1839 744 1900 si
765 1838 828 1900 hoc
854 1840 958 1901 lacere
981 1860 1076 1903 ausus
1099 1862 1163 1904 non

57 1939 163 2013 luerit
193 1945 250 2000 aut
269 1938 350 1999 forte
373 1939 543 2019 gastaldius
565 1947 619 2001 aut
641 1946 729 2001 actor
750 1959 887 2020 prouare
908 1943 1055 2021 potuerit·
1085 1963 1165 2005 con-

60 2040 133 2120 pleti
155 2039 320 2120 sexaginta
341 2040 414 2100 anni
435 2040 596 2119 possessio
618 2040 688 2120 ipsa
707 2059 771 2101 nou
793 2041 841 2114 sit,
868 2048 899 2103 et
919 2044 1036 2105 ueritas
1060 2062 1165 2123 appa-

60 2142 172 2214 ruerit,
202 2142 286 2222 quod
309 2141 348 2201 de
369 2141 493 2221 puplico
521 2141 637 2204 fuissit:
667 2147 721 2202 aut
742 2142 888 2204 ostendat
907 2152 1089 2223 preceptum
1111 2153 1166 2207 aut

63 2244 185 2306 amittat
217 2243 319 2322 ipsam
346 2262 432 2316 rem,
466 2243 492 2305 si
514 2243 675 2322 sexaginta
705 2242 777 2303 anui
805 2242 836 2303 in
863 2243 932 2322 ipsa
961 2246 1164 2324 possessione

62 2366 126 2408 non
147 2345 244 2407 luerit
265 2343 407 2424 conpleti.
455 2344 494 2405 Et
516 2343 542 2405 si
562 2341 708 2404 forsitans
737 2343 849 2424 aliquis
873 2345 911 2406 de
934 2364 1027 2407 seruo
1051 2353 1104 2408 aut
1125 2348 1165 2408 de

10 2424 18 2477 l
63 2447 213 2508 haldione
240 2447 356 2508 domno
383 2446 465 2526 regis
493 2444 688 2526 conparauit,
722 2453 752 2506 et
777 2453 912 2526 prouata
941 2466 1036 2509 causa
1063 2449 1164 2525 fuerit,

10 2596 13 2635 ;
68 2549 176 2610 relaxit
195 2549 297 2627 ipsam
312 2567 378 2609 rem
399 2548 432 2609 in
447 2547 583 2628 puplico,
606 2547 680 2627 quia
702 2547 742 2607 de
764 2566 858 2608 seruo
880 2556 934 2609 aut
955 2549 995 2608 de
1016 2549 1164 2611 haldione

10 2648 17 2679 ²
71 2651 146 2732 rogis
166 2649 328 2730 possessio
350 2649 529 2711 uinditionis
552 2668 708 2711 essenon
731 2649 824 2722 deuit,
848 2648 927 2711 sicut
946 2669 1005 2711 nec
1027 2653 1067 2712 de
1081 2651 1165 2713 allo-

74 2769 135 2813 rum
156 2751 258 2814 seruis
280 2751 330 2812 uel
350 2750 560 2817 haldionibus.

148 2857 199 2919 79.
220 2853 262 2914 X.
304 2854 351 2913 De
374 2871 412 2913 eo
434 2852 571 2925 homine,
601 2852 651 2932 qui
675 2851 795 2912 cauallo
823 2852 854 2913 in
880 2861 1018 2915 mercato
1042 2872 1165 2934 conpa-

78 2971 138 3016 rare
164 2954 313 3029 uoluerit,
343 2962 376 3016 ut
404 2961 476 3016 anto
506 2955 586 3016 duos
616 2961 669 3014 aut
696 2962 760 3015 tres
788 2953 933 3017 homines
960 2974 1032 3016 eum
1059 2974 1164 3016 emere

81 3053 187 3131 dcueat,
214 3075 289 3117 nam
310 3076 373 3118 nou
397 3064 532 3137 segrete3
560 3063 591 3117 et
613 3055 639 3116 si
662 3054 773 3134 aliquis
795 3063 908 3134 postea
928 3055 1032 3135 ipsum
1054 3057 1165 3117 caual-

10 3197 13 3235 ÷
45 3226 49 3231 Ι
81 3153 131 3219 lum
149 3152 346 3239 cognouerit,
375 3157 493 3220 habeat
513 3156 707 3229 testimonia,
736 3156 767 3216 in
790 3157 876 3217 cuius
903 3157 1062 3234 presentia
1084 3175 1164 3217 con-

58 3298 63 3309 ·
82 3261 196 3336 parauit,
219 3268 250 3322 et
271 3259 300 3320 ei
322 3267 433 3340 postea
454 3259 528 3321 furti
550 3257 705 3319 calomnia
726 3276 788 3317 non
811 3255 876 3317 fiat.
908 3256 947 3318 Et
968 3257 995 3319 si
1017 3256 1057 3317 ad
1077 3256 1163 3336 ipsos

10 3376 17 3435 fi
81 3363 159 3426 testes
180 3382 245 3424 nou
268 3361 456 3434 credederit,
481 3360 533 3441 qui
554 3359 670 3420 furtum
693 3356 807 3437 querit,
840 3355 965 3417 firmant
986 3356 1046 3436 ipsi
1067 3364 1163 3419 testes

10 3482 11 3489 ¹
81 3475 128 3537 per,
143 3471 390 3545 sagramentum,
418 3470 548 3542 excepto
571 3462 596 3521 si
619 3457 697 3521 tales
725 3457 869 3521 homenis
890 3459 1027 3530 fuerent,
1051 3457 1164 3538 quibus

10 3580 18 3637 ῑι
80 3578 124 3626 rar
143 3573 196 3628 aut
216 3565 311 3626 iudex
326 3564 394 3626 sine
409 3570 606 3644 sagramento
630 3562 757 3622 credere
778 3559 888 3639 possit.
925 3558 964 3618 Et
978 3557 1005 3619 si
1019 3558 1164 3621 homenis

80 3680 128 3729 ron
149 3667 312 3740 habuerit,
341 3666 373 3726 iu
396 3686 529 3746 quorum
550 3663 707 3745 presentia
734 3658 931 3741 conparauit,
959 3659 1019 3722 nisi
1041 3660 1166 3741 simpli-

10 3781 12 3837 ζ
54 3780 57 3787 ·
80 3764 140 3831 dter
162 3768 289 3831 dixerit:
312 3767 419 3848 „quod
434 3767 604 3847 conparaui
619 3767 658 3826 de
673 3765 780 3825 franco
796 3770 850 3824 aut
864 3760 969 3823 nescio
985 3761 1025 3821 de
1040 3762 1164 3841 qualem

77 3861 255 3942 luminem“‚
278 3877 434 3950 conponat
455 3869 557 3949 ipsum
580 3865 733 3928 cauallum
754 3882 813 3943 pro
834 3862 960 3926 furtum.

53 4010 57 4021 ·
147 3975 199 4038 80.
221 3971 277 4035 Xl.
319 3971 367 4031 De
387 3970 558 4044 turonibus,
580 3976 615 4029 ut
628 3965 840 4046 uuusquisque
854 3963 948 4024 iudex
962 3962 993 4023 in
1009 3960 1165 4022 ciuitatem

77 4086 155 4135 tuam
172 4073 268 4135 faciat
282 4073 431 4134 carcirem
446 4074 503 4134 sub
526 4082 626 4146 terra3
649 4076 681 4129 et
701 4087 770 4128 cunr
785 4066 928 4128 inuentus
943 4063 1044 4136 suerit,
1060 4064 1164 4142 ipsum

55 4166 180 4238 lutum
215 4182 385 4254 conponat,
419 4181 449 4236 et
477 4171 721 4253 conpraehindat
747 4187 818 4229 eum
851 4172 881 4228 et
909 4165 1009 4229 mittat
1034 4164 1066 4226 in
1094 4163 1164 4243 ipso

890 4267 928 4302 ο.
