2574 4710
163 327 222 392 144
253 324 489 388 LthPnannl
508 323 633 386 LEGES
654 322 749 384 ANNI
769 321 882 389 xxllt.
905 322 987 389 CAP.
1011 324 1184 390 144—146.

158 517 252 574 tatem
274 510 336 572 hoc
356 510 471 571 tactum
497 528 561 570 uon
581 507 697 580 fuissit,
727 514 758 570 et
778 508 880 588 ipsum
907 507 1048 588 unirigild
1070 527 1158 570 suum
1181 527 1242 570 nou

158 619 323 693 conponat.

242 716 311 780 144.
332 712 368 774 ll.
411 713 443 774 Si
465 713 542 797 quis
555 712 697 774 timorem
720 711 769 772 dei
782 710 944 782 ‚inmemor
964 731 1022 792 pro
1044 712 1242 792 cupiditatem

157 823 280 877 terrena
301 822 428 895 propter
450 814 680 895 qualiscumque
705 833 772 874 rem
794 813 892 876 sciens
916 833 950 876 se
971 813 1193 894 periurauerit,
1216 824 1243 876 et

36 978 39 983 .
157 925 267 998 postea
294 916 338 979 sic
364 917 523 980 inuentum
553 924 584 978 et
608 918 776 996 probatum
805 915 912 988 fuerit,
942 917 1024 996 quod
1038 915 1241 996 ,periurassit

155 1027 228 1080 tuuc
249 1019 368 1081 amittat
388 1019 489 1099 ipsam
503 1011 569 1079 rem
587 1019 669 1079 unde
690 1017 871 1098 periurauit,
894 1027 925 1079 et
945 1018 1061 1112 haheat
1082 1037 1154 1079 eam
1167 1018 1240 1098 ipse,

157 1121 204 1181 cui
230 1128 336 1183 contra
363 1122 517 1184 rationem
542 1120 663 1182 iurauit.
712 1119 855 1200 Insuper,
883 1119 955 1199 quia
975 1118 1011 1180 ¹in
1038 1139 1073 1182 se
1094 1119 1182 1199 ipso,
1213 1128 1240 1182 et

157 1224 241 1302 quod
266 1223 334 1303 plus
357 1231 418 1298 est,
447 1223 478 1284 in
501 1223 561 1284 deo
584 1221 734 1304 peccauit,
765 1229 795 1282 et
821 1221 946 1302 negauit
974 1220 1068 1282 fidem
1098 1229 1240 1283 suamet

155 1324 337 1404 periurauit,
368 1324 493 1385 domino
523 1324 582 1384 deo
610 1345 667 1386 suo
703 1331 734 1384 et
760 1322 882 1385 sibimet
910 1323 969 1403 ipsi
998 1343 1061 1386 nou
1094 1323 1238 1404 pepercit,

156 1434 314 1507 conponat
334 1427 530 1488 medietatem
552 1427 590 1486 de
612 1425 754 1506 uuirigild
777 1444 834 1486 suo
856 1425 898 1497 ei,
922 1411 970 1494 cni
990 1425 1171 1509 periurauit.

242 1531 309 1594 145.
331 1527 382 1594 ΙΠ.
426 1528 597 1589 Recolimus
620 1527 717 1604 enim,
746 1527 876 1608 qualiter
903 1527 964 1588 iam
993 1534 1085 1589 autea
1108 1527 1190 1612 [cup.
1210 1527 1236 1612 4]

155 1628 338 1691 instituimus
367 1636 400 1690 ut
428 1629 455 1691 si
486 1629 553 1709 quis
586 1629 731 1698 decidens
757 1628 916 1709 reliquerit
946 1627 1043 1689 filiam
1069 1648 1166 1690 unam
1192 1639 1237 1691 aut

154 1731 275 1811 plures,
308 1737 338 1793 et
359 1730 476 1793 sororis
498 1731 529 1791 in
556 1731 665 1810 capillo
695 1731 834 1793 similiter
859 1748 953 1791 unam
980 1737 1033 1792 aut
1053 1730 1179 1810 plures,
1209 1739 1236 1793 nt

155 1833 271 1914 pariter
285 1841 378 1913 atque
393 1833 542 1913 equaliter
563 1852 689 1895 sorores
712 1841 743 1894 et
763 1832 847 1895 filiae
870 1831 897 1893 ei
919 1832 1085 1894 succedere
1101 1833 1234 1907 debeant

157 1944 187 1998 et
208 1935 234 1998 si
256 1955 348 1998 soror
361 1935 391 1996 in
408 1935 519 2014 capillo
535 1935 693 2011 deciderit,
715 1955 807 1998 soror
829 1934 881 2014 qui
896 1933 1089 2008 remanserit,
1105 1933 1234 1997 similiter

156 2037 258 2128 sorori
279 2056 355 2099 suae
376 2037 529 2102 succedat.
575 2037 670 2098 Modo
693 2056 784 2110 uero,
815 2036 887 2116 quia
908 2035 1035 2097 intentio
1064 2044 1176 2097 exorta
1196 2045 1236 2098 est

92 2155 93 2158 ’
155 2139 235 2200 inter
263 2140 374 2201 iratres
404 2148 434 2201 et
467 2158 592 2200 sorores
620 2139 658 2198 de
683 2125 792 2219 nepte,
825 2157 884 2218 que
910 2137 941 2198 in
975 2136 1086 2217 capillo
1120 2146 1236 2199 mortua

155 2242 271 2316 fuerat,
303 2240 534 2302 altercationem
565 2248 717 2320 ponentes
753 2240 819 2321 quis
852 2240 881 2300 ei
912 2240 1078 2301 succedere
1113 2238 1233 2314 debent,

156 2344 317 2407 statuimus
339 2350 372 2404 ut
386 2344 500 2403 barbas
522 2341 604 2413 eius,
626 2343 657 2402 iu
673 2342 897 2412 cuiusmundio
912 2341 982 2413 fuit,
1004 2340 1072 2420 ipse
1087 2340 1235 2413 eisucce-

156 2444 259 2506 datin
282 2443 346 2504 eius
366 2443 525 2523 portione3
551 2445 624 2504 nam
646 2443 805 2506 amedanis
827 2443 923 2524 ipsius
946 2443 985 2502 de
1007 2443 1074 2504 eius
1098 2442 1238 2521 portione

155 2545 229 2607 nihil
254 2545 443 2626 percipiant,
475 2544 533 2606 nisi
567 2551 684 2606 tautum
713 2546 850 2607 habeant
879 2546 1046 2625 quantum,
1079 2542 1105 2604 si
1134 2543 1238 2606 uinens

154 2647 269 2722 fuissit,
290 2647 359 2727 ipsa
380 2647 479 2727 neptis
502 2666 618 2712 earum,

135 2744 137 2746 ¹
240 2751 309 2813 146.
330 2747 393 2813 llll.
437 2748 468 2809 Si
490 2748 558 2828 quis
579 2748 730 2810 inuenerit
750 2748 847 2809 libera
862 2747 1020 2808 mulierem
1036 2754 1089 2808 aut
1105 2746 1239 2826 puellam

154 2870 211 2931 per
239 2870 395 2930 campum·
414 2868 503 2912 suum
536 2849 719 2911 seminatum
746 2849 956 2911 ambolantem
986 2855 1017 2910 et
1047 2848 1132 2909 uiam
1157 2848 1240 2909 iudi-

155 2956 290 3024 cantem,
317 2951 448 3032 pignerit
469 2971 553 3027 eam,
586 2959 616 3012 et
636 2961 779 3031 parentes
803 2958 856 3012 aut
882 2949 1050 3012 muudoald
1073 2949 1139 3013 eius
1162 2969 1240 3012 con-

154 3062 274 3136 ponant
294 3073 352 3135 pro
373 3053 441 3134 ipsa
467 3053 585 3116 solidos
611 3071 667 3115 sex
688 3053 766 3115 sicut
785 3052 835 3113 lex
858 3059 905 3114 est
927 3052 1026 3136 [nort.
1049 3051 1141 3136 357];
1169 3071 1242 3113 nam

156 3158 182 3220 si
203 3158 271 3238 ipsa
294 3156 548 3237 conprehendere
561 3155 784 3235 presumpserit
805 3161 836 3216 et
857 3155 897 3215 ad
919 3173 1024 3216 casam
1038 3173 1129 3217 suam
1150 3153 1242 3235 lega-

155 3267 219 3321 tam
248 3267 301 3320 aut
315 3312 317 3317 .
332 3257 577 3320 submanicatam
605 3257 741 3330 duxerit,
775 3255 931 3337 conponat
960 3255 1078 3318 solidos
1107 3263 1240 3331 centum,

156 3361 352 3422 medietatem
376 3359 440 3440 regi
469 3367 499 3421 et
526 3358 720 3426 medietatem
749 3358 832 3420 cuius
860 3376 953 3420 causa
976 3365 1037 3429 est;
1071 3357 1115 3420 sic
1136 3366 1241 3420 tamen

155 3471 188 3524 ut
209 3461 381 3542 conpositio
406 3461 458 3522 illa
486 3462 525 3522 de
552 3481 607 3523 ser
632 3460 740 3523 solidis
769 3462 799 3519 in
821 3460 890 3540 ipsa
918 3458 1135 3540 conpositione
1161 3479 1242 3520 con-

155 3571 288 3644 putetur.
340 3564 379 3624 Et
400 3564 426 3626 si
447 3564 587 3645 pulsatus
612 3562 705 3624 fuerit
725 3562 793 3635 ille,
825 3561 856 3622 in
885 3561 969 3627 cuius
996 3560 1122 3623 mundio
1150 3561 1244 3622 fuerit

156 3666 264 3726 mulier
279 3673 332 3727 aut
345 3664 464 3745 puella,
488 3665 571 3746 quod
594 3673 663 3727 asto
686 3672 715 3726 et
735 3664 841 3744 iniquo
857 3664 960 3725 animo
974 3663 1122 3725 feminam
1138 3661 1241 3743 ipsam

155 3767 314 3829 ambulare
329 3787 386 3847 per
399 3768 539 3830 laborem
554 3766 679 3829 alterius
694 3766 823 3838 fecissit,
845 3773 878 3827 ut
900 3765 928 3826 ei
949 3764 1146 3845 conponerit:
1170 3772 1244 3827 tunc

154 3877 283 3950 preueat
303 3877 545 3941 sacramentum,
573 3870 656 3948 quod
680 3867 876 3948 cupiditatem
897 3868 1075 3929 habendum
1099 3867 1138 3928 de
1160 3885 1243 3928 cou-

154 3970 454 4052 positiouemipsam
472 3979 539 4033 asto
556 3971 660 4032 auimo
676 3989 732 4050 per
753 3969 894 4031 laborem
916 3969 1013 4050 ipsius
1034 3969 1103 4049 ipsa
1124 3967 1244 4029 femina

153 4092 216 4134 non
240 4073 436 4147 ambulassit,
463 4091 520 4132 nec
546 4073 692 4135 damnum
721 4080 789 4133 asto
816 4071 999 4135 iaciendum.
1042 4070 1081 4130 Et
1103 4069 1130 4132 si
1150 4069 1243 4131 iura-

154 4174 241 4247 uerit,
256 4182 328 4236 tunc
341 4176 409 4256 ipse
421 4174 472 4254 qui
484 4193 552 4236 eam
565 4174 818 4258 conprehendere
832 4172 1064 4257 presumpserit,
1080 4179 1244 4253 conponat
