2574 4710
341 371 508 455 aaronis
531 371 664 443 LEGES,
687 391 718 451 p.
741 370 812 436 Chr.
836 390 864 433 a.
888 373 959 436 tto.
1138 373 1197 436 157

96 561 258 634 conponat
278 553 421 635 uuirigild
450 573 508 617 suo
537 555 568 616 in
597 555 724 636 palatio.
767 555 805 616 Et
831 555 858 617 si
883 555 951 636 ipse
979 554 1076 616 bomo
1104 555 1195 616 uiuus

84 653 205 730 suerit,
227 664 259 718 et
279 655 341 719 iam
364 675 475 723 seruus
497 665 551 718 aut
571 657 694 720 haldius
714 657 763 732 sit,
784 659 896 737 perdat
918 676 1080 718 eum-cum
1102 658 1195 719 rebus

100 757 185 834 eius,
213 766 246 821 ct
271 758 302 828 in
328 750 504 821 libertatem
532 768 716 841 permaneat
737 759 804 840 ipse
826 759 877 829 uel
898 757 953 819 filii
977 758 1092 838 ipsius;
1119 758 1197 820 etsi

95 859 179 921 liber
200 859 302 933 luerit,
324 860 466 941 uuirigild
483 881 540 924 suo
557 869 715 941 conponat
734 861 810 942 regi,
833 860 944 924 sieum
966 861 1141 932 battedcrit,
1165 867 1196 921 ct

96 961 124 1022 ei
159 970 318 1041 conponat
349 962 428 1025 sicut
460 965 498 1024 ad
536 963 666 1025 liberum
699 963 868 1028 bominem.
922 961 1000 1023 Nam
1033 962 1059 1023 si
1091 961 1193 1042 ipsum

95 1062 253 1135 occiderit,
280 1083 339 1144 pro
361 1064 423 1126 boc
445 1066 626 1145 capitulum,
656 1065 734 1127 sicut
760 1084 856 1144 supra
882 1062 1008 1144 legitur¹
1036 1071 1193 1142 conponat

94 1165 335 1238 mortemilitis,
353 1167 444 1228 simul
460 1177 491 1229 et
504 1167 646 1248 uuirigild
662 1186 720 1229 suo
735 1166 801 1246 regi
815 1185 873 1246 pro
888 1164 1191 1245 praesumptioncm;

93 1266 122 1328 si
151 1285 228 1329 uero
256 1268 379 1331 haldius
407 1270 500 1331 fuerit
527 1278 581 1332 aut
608 1290 732 1342 seruus,
759 1270 871 1348 perdat
895 1267 977 1329 filios
1000 1267 1065 1328 eius
1088 1274 1118 1327 et
1139 1285 1189 1327 res

93 1367 203 1448 ipsius,
227 1377 258 1429 et
280 1379 438 1451 conponat
458 1371 490 1432 in
513 1372 662 1451 palatium
683 1371 824 1451 uuirigild
847 1391 946 1435 suum.

175 1490 205 1553 8.
240 1489 305 1549 llll.
329 1490 481 1553 Omnibus
497 1493 579 1552 enim
594 1510 674 1571 pene
695 1499 803 1552 uotum
826 1498 882 1564 est,
905 1489 976 1571 quia
996 1508 1094 1569 usquc
1108 1508 1189 1549 nnnc

94 1607 148 1670 per
168 1609 271 1670 praua
294 1592 492 1671 cupiditatem
513 1593 710 1654 deducebant
734 1593 869 1655 hominis
898 1599 1127 1654 sacramentum
1149 1593 1188 1650 de

92 1693 210 1754 cartola
226 1693 413 1767 uinditionis,
437 1714 517 1775 quae
532 1696 630 1758 lactas
646 1703 744 1768 erant,
766 1703 798 1757 et
816 1695 1079 1774 conpellabautur,
1103 1693 1187 1773 quod

91 1795 226 1872 pretium
249 1797 428 1875 conpletum
450 1816 513 1857 non
535 1787 702 1870 haberent,
726 1797 778 1876 qui
800 1797 868 1876 ipsa
891 1797 1009 1857 cartola
1030 1795 1189 1857 habebant

92 1903 121 1957 ct
134 1915 187 1958 res
203 1897 425 1975 possidebant;
442 1907 472 1960 et
485 1900 545 1980 ipsi
561 1906 718 1979 emptores
734 1899 931 1960 deducebant
945 1906 1186 1969 sacramentum,

90 1999 174 2078 quod
203 1999 337 2078 pretium
366 2001 545 2080 conpletum
572 2001 734 2065 baberent.
778 1999 870 2072 Quod
898 2002 989 2061 nobis
1012 2007 1043 2061 et
1068 1999 1185 2060 nostris

91 2100 241 2168 iudicibus
270 2102 382 2162 durum
411 2122 482 2164 esse
514 2106 689 2181 conparuit,
724 2101 797 2181 quia
830 2101 883 2184 qui
914 2120 973 2180 pro
1006 2100 1185 2180 opinionem

88 2221 177 2264 suam
200 2202 306 2264 iurare
328 2205 471 2275 nolebat,
495 2206 590 2266 dabat
611 2223 669 2283 pro
692 2210 922 2264 sacramentum
945 2221 1034 2264 suum
1057 2201 1183 2284 aliquid,

94 2311 121 2364 et
146 2303 288 2367 babebat
320 2306 541 2368 damnietatem
571 2306 637 2367 sine
666 2323 778 2380 causa;
812 2313 842 2365 et
873 2304 1013 2366 naufraci
1046 2302 1181 2365 hominis

91 2413 256 2485 propterca
277 2406 378 2486 ipsam
402 2408 660 2488 conpellationem
682 2407 851 2480 faciebant,
879 2415 913 2468 ut
935 2405 1050 2485 aliquid
1074 2424 1182 2465 eorum

86 2525 142 2584 pro
168 2507 274 2587 ipsum
304 2518 533 2570 sacramentum
560 2510 668 2571 tollere
698 2511 830 2590 possint.
873 2509 948 2568 ldeo
977 2506 1181 2579 decernimus,

86 2616 117 2669 ut
139 2609 167 2671 si
191 2609 259 2689 quis
283 2610 400 2672 cartola
428 2612 604 2673 uinditionis
627 2612 717 2673 alicui
740 2613 779 2672 de
801 2610 905 2693 aliqua
928 2629 978 2672 res
1000 2609 1120 2681 lecerit,
1151 2617 1181 2670 et

83 2711 125 2771 ad
148 2711 293 2773 scriuane
314 2713 437 2793 publico
460 2714 585 2794 scripta,
608 2714 659 2774 uel
675 2715 714 2775 ad
737 2713 866 2775 testibus
888 2712 1008 2773 idoneis
1031 2720 1180 2773 rouorata

84 2812 190 2886 luerit,
216 2821 248 2874 ct
270 2822 334 2876 tam
354 2815 422 2894 ipse
444 2816 589 2889 uinditdr,
614 2835 770 2896 quamque
793 2823 823 2876 et
844 2823 939 2877 testes
961 2814 992 2874 in
1014 2815 1083 2894 ipsa
1105 2834 1179 2876 car-

82 2915 149 2976 tola
178 2916 419 2997 subscripserint
447 2927 500 2979 aut
522 2937 632 2979 manus
654 2917 827 2998 posuerint,
856 2924 887 2977 et
913 2916 1180 2978 manifestauerint

82 3015 113 3076 in
137 3016 208 3096 ipsa
229 3018 356 3091 cartola,
380 3020 463 3099 quod
484 3020 618 3098 pretium
632 3019 712 3080 inter
727 3038 782 3081 eos
806 3026 954 3080 statutum
976 3019 1177 3098 suscepisset:

84 3118 111 3179 si
137 3118 278 3197 pulsatus
306 3120 399 3181 fuerit
423 3128 534 3200 postea
563 3131 698 3200 emptor,
726 3121 809 3200 quod
835 3119 970 3199 'pretium
991 3119 1093 3198 ipsum
1115 3139 1178 3180 non

86 3220 262 3299 conplessit
285 3230 514 3284 sacramentum
537 3222 648 3282 exinde
669 3223 919 3302 non-procedat3
942 3220 1001 3282 nisi
1014 3221 1096 3281 forte
1109 3220 1177 3300 ipse

85 3319 114 3378 ci
136 3340 193 3400 per
214 3322 330 3383 uuadia
352 3324 507 3397 oblicauit,
529 3324 597 3404 ipse
618 3325 753 3404 prendat
772 3322 991 3384 fideiussorem
1012 3341 1114 3388 suum.

167 3445 196 3506 9.
231 3444 267 3505 V.
290 3441 322 3502 Si
345 3445 414 3522 quis
436 3445 530 3505 iudex
546 3452 598 3505 aut
613 3444 815 3524 quiscumque
829 3444 925 3504 homo
942 3427 1070 3504 missum
1086 3462 1175 3503 suum

88 3539 224 3622 diregere
253 3533 485 3624 presumpserit*
504 3533 608 3619 roma,
642 3564 796 3618 radentia,
830 3544 955 3624 spoleti,
989 3547 1175 3616 beneuento,

88 3640 209 3718 francia,
231 3646 380 3719 baioaria,
404 3647 591 3720 alamannia,
611 3647 697 3710 ritias
718 3656 772 3710 aut
785 3648 815 3707 in
831 3647 938 3736 anania
954 3646 1019 3708 sine
1038 3646 1175 3708 iussione

90 3747 172 3826 regis,
195 3749 318 3810 animae
341 3768 417 3810 suae
437 3750 558 3812 incurat
579 3750 757 3830 periculum,
781 3759 811 3812 et
825 3769 876 3812 res
897 3750 962 3810 eius
985 3747 1175 3815 infiscentur,

167 3869 216 3933 10.
249 3868 300 3930 VI.
329 3867 537 3949 Cognouimus
560 3871 657 3944 enim,
686 3870 769 3950 quod
798 3890 860 3950 per,
884 3862 1020 3951 singulas
1043 3868 1173 3932 ciuitatis

91 3965 155 4027 nali
186 3969 322 4031 bominis
355 3989 449 4033 zauas
481 3979 513 4033 'et
546 3972 750 4034 adunationes
783 3980 891 4033 contra
921 3972 1053 4032 iudicem
1082 3993 1173 4034 suum

90 4069 237 4145 agendum
251 4071 415 4134 faciebant.
440 4073 501 4135 Sed
512 4074 555 4136 ita
567 4074 738 4148 statuimus,
755 4083 787 4136 ut
799 4075 825 4137 si
840 4073 955 4136 amodo
972 4074 1173 4155 quiscumque

90 4223 107 4289 ¹)
124 4228 219 4300 liutpr.
240 4232 285 4285 20.
