2574 4710
95 337 163 400 120⁴
208 331 445 408 LlVTPllANDI
465 333 590 394 LEGES
613 331 707 393 ANNI
728 333 798 400 XV.
821 331 904 399 CAR·
925 335 1062 399 90-92.

92 517 183 580 nobis
205 517 320 580 iustum
342 535 413 579 esse
434 516 615 596 conparuit,
643 518 766 592 atille,
796 516 849 598 qui
870 523 919 579 est
938 517 1049 590 iudex,
1075 518 1176 586 debeat

93 621 185 694 dare,
219 619 246 682 si
267 618 417 693 uoluerit,
450 620 482 679 in
510 617 628 681 solidos
656 619 917 700 quadringentos,
951 618 1083 699 amplius
1110 639 1173 696 non,
1220 644 1222 659 ¹

93 723 195 784 minus
211 721 370 801 quomodo
386 720 583 796 conuenerit;
601 727 632 782 et
645 721 756 802 reliqui
769 720 882 783 nouilis
897 719 1041 783 homenis
1057 721 1173 786 debeant

94 823 170 884 dare
198 825 230 885 in
257 822 376 885 solidos
404 830 576 894 trecentos,
610 823 742 903 amplius
769 841 851 898 non;
886 829 917 884 et
938 821 965 884 si
987 820 1170 904 quiscumque

94 925 172 986 alter
192 923 290 986 homo
317 925 418 986 minus
445 924 593 999 uoluerit,
624 926 785 1004 quomodo
813 923 1004 990 conuenerit.
1056 924 1095 985 Et
1115 926 1170 1005 ipsa

94 1034 177 1088 meta
199 1028 256 1088 sub
279 1026 496 1088 aestimatione
517 1025 573 1088 fiat
594 1026 668 1088 data
690 1035 721 1088 et
742 1026 924 1107 adpretiata,
946 1033 981 1087 ut
1001 1025 1085 1087 nullo
1105 1033 1170 1087 tem-

93 1147 173 1209 pore
194 1128 307 1190 exinde
328 1127 508 1188 intentionis
531 1134 584 1189 aut
606 1131 794 1191 causationis
814 1130 975 1209 procedat.

177 1231 229 1296 90.
251 1227 315 1294 Vll.
359 1228 392 1289 si
422 1230 491 1310 quis
525 1247 576 1291 res
609 1230 745 1306 alienas,
779 1250 869 1293 casas
901 1239 955 1291 aut
988 1237 1103 1301 terras,
1131 1237 1172 1290 aut

94 1331 225 1411 pecunia
247 1338 302 1393 aut
321 1330 455 1393 familias
485 1331 569 1392 malo
599 1331 709 1392 ordine
734 1331 926 1413 possederit,
959 1338 990 1392 ct
1011 1349 1069 1411 per
1091 1332 1173 1411 legen

96 1442 127 1495 et
153 1432 301 1495 iustitiam
329 1440 360 1493 et
386 1453 444 1512 per
470 1432 618 1493 iudicium
647 1432 760 1517 exinde
793 1433 951 1495 conuictus
982 1443 1014 1495 et
1045 1433 1174 1512 expulsus
1219 1470 1222 1493 ι

95 1536 204 1608 fuerit,
227 1535 310 1596 aliud
332 1536 446 1595 exinde
467 1554 530 1596 non
553 1540 726 1613 conponat,
748 1534 809 1596 nisi
830 1541 914 1596 retro
938 1542 1061 1613 tempus
1082 1535 1176 1595 reddat

94 1637 191 1718 frugis
213 1645 244 1698 et
265 1637 382 1698 laboris
405 1637 462 1697 sub
485 1643 701 1714 sagramento,
729 1638 768 1697 ab
792 1635 845 1698 illo
867 1635 951 1708 diae,
975 1635 1060 1715 quod
1082 1636 1178 1697 exinde

96 1737 282 1818 conpellatio
304 1738 387 1798 faeta
410 1748 440 1797 et
462 1737 668 1799 manefcstata
690 1746 746 1800 est
1155 1746 1159 1754 ‘

179 1841 231 1906 91.
253 1838 330 1904 Vlll.
372 1840 420 1898 De
442 1839 551 1901 scrinis
573 1838 635 1900 hoc
661 1839 904 1919 prospeximus„
925 1846 960 1900 ut
981 1839 1034 1918 qui
1058 1839 1180 1901 cartolas

96 1942 233 2003 scribent
253 1941 319 2003 sine
341 1943 381 2001 ad
403 1940 504 2020 legem
526 1941 801 2019 langobardorum,
825 1941 973 2021 quoniam
996 1941 1182 2020 apertissima

96 2049 127 2104 et
148 2061 228 2124 pene
250 2042 393 2104 omnibus
419 2049 495 2103 nota
518 2051 581 2114 est,
614 2042 680 2103 siue
703 2043 743 2103 ad
764 2032 985 2117 romanorum,
1018 2063 1082 2104 non
1106 2043 1183 2105 aliter

76 2144 197 2218 ¹faciat,
219 2145 278 2206 nisi
296 2144 457 2224 quomodo
478 2144 510 2205 in
532 2143 608 2223 ipsis
630 2143 971 2223 legibus—contemtum
993 2164 1068 2206 nam
1084 2155 1183 2208 eontra

94 2245 196 2327 legem
216 2246 482 2326 langobardorum
511 2251 565 2306 ant
590 2263 794 2306 romanorum
822 2265 886 2305 non
908 2246 1054 2311 scribant.
1100 2246 1182 2321 Quod

96 2350 122 2410 si
145 2368 208 2411 non
231 2349 344 2421 sciunt,
366 2347 558 2428 interrogent
580 2346 710 2420 alteros,
733 2348 811 2409 etsi
833 2366 897 2408 non
918 2357 1087 2428 potuerent
1108 2350 1185 2428 ipsas

95 2449 172 2530 legis
194 2449 326 2530 pleniter
348 2451 437 2522 scire,
460 2469 523 2510 non
546 2448 683 2510 scribant
704 2449 790 2528 ipsas
806 2449 952 2515 cartolas.
978 2450 1017 2511 Et
1033 2452 1086 2529 qui
1104 2450 1185 2511 aliter

95 2550 199 2612 iacere
234 2551 475 2631 presumpserit,
508 2557 666 2629 conponat
700 2549 833 2630 uuirgild
866 2571 972 2628 suum,
1006 2559 1139 2632 excepto
1166 2551 1187 2614 si

96 2653 213 2732 aliquid
240 2653 321 2713 inter
348 2650 534 2712 conlibertus
564 2651 757 2716 conuenerit.
805 2651 844 2712 Et
870 2651 897 2712 si
920 2652 1128 2734 quiscumque
1154 2654 1187 2713 de

94 2754 164 2832 lege
186 2771 243 2815 sua
265 2753 507 2815 subdiscendere
533 2752 665 2813 uoluerit
692 2760 722 2813 et
747 2752 899 2832 pactionis
927 2761 980 2814 aut
1007 2773 1188 2816 conuenen-

95 2854 154 2916 tias
175 2853 256 2915 inter
277 2874 311 2915 se
333 2854 479 2927 fecerent,
508 2862 538 2915 et
559 2855 651 2915 ambe
672 2853 768 2933 partis
791 2862 1021 2927 consenserent,
1044 2857 1106 2918 isto
1128 2875 1187 2918 non

93 2957 252 3037 inputetur
273 2963 380 3017 contra
401 2956 512 3036 legem,
536 2955 609 3035 quia
624 2957 716 3015 ambe
730 2957 829 3035 partis
849 2956 1043 3019 uolontariae
1058 2958 1188 3022 faciunt:

96 3063 127 3118 et
146 3057 189 3118 illi
211 3057 264 3137 qui
285 3056 364 3119 tales
387 3057 521 3119 cartolas
544 3056 691 3129 scribent,
720 3056 888 3135 culpanelis
910 3079 973 3120 non
994 3060 1190 3121 inueniantnr

96 3178 176 3225 esse.
219 3158 298 3220 Nam
314 3160 397 3239 quod
420 3160 460 3220 ad
482 3159 721 3220 hereditandum
742 3161 885 3237 pertinet,
907 3179 965 3240 per
984 3161 1087 3241 legem
1109 3161 1190 3223 scri-

95 3262 179 3326 bant.
210 3259 248 3322 Et
270 3261 342 3340 quia
364 3261 403 3321 dc
418 3261 536 3322 cartola
550 3260 630 3322 falsa
650 3259 682 3319 in
698 3260 854 3321 anteriore
868 3261 1002 3322 edictum
1019 3262 1101 3347 [cap.
1117 3262 1188 3348 243]

95 3361 233 3423 adfixum
257 3370 312 3435 est,
336 3362 379 3424 sic
400 3371 592 3440 permaneat.

182 3466 241 3530 92,
256 3462 345 3525 Vllll.
389 3463 420 3524 si
443 3464 511 3543 quis
534 3464 611 3524 liber
633 3463 740 3536 homo,
762 3462 899 3524 interra
921 3463 1023 3526 aliena
1038 3466 1191 3528 resedens

92 3564 244 3625 liuellario
266 3564 400 3636 nominc,
422 3564 625 3625 humieidium
646 3565 755 3626 iecerit
777 3571 807 3625 et
827 3564 934 3645 fugam
955 3566 1064 3646 lapsus
1087 3568 1191 3641 inerit,

93 3673 166 3726 tune
186 3663 247 3737 ille,
268 3665 300 3725 in
324 3667 409 3728 cuius
431 3673 515 3727 terra
535 3667 603 3746 ipse
617 3665 774 3727 humicida
789 3665 949 3741 habitauit,
971 3668 1089 3730 habeat
1111 3689 1193 3749 spa-

94 3765 170 3828 tium
200 3767 231 3826 in
258 3785 365 3828 mense
393 3787 455 3829 uno
488 3768 591 3847 ipsum
623 3767 781 3828 hominem
809 3769 1070 3848 perquirendnm;
1104 3779 1136 3832 et
1164 3771 1192 3833 si

93 3886 165 3929 eum
186 3868 355 3941 inuenerit,
384 3868 545 3930 licenciam
570 3869 686 3931 babeat
712 3870 815 3949 ipsum
836 3870 1011 3946 hominem,
1045 3872 1192 3952 quamuis

91 3967 171 4028 liber
192 3968 247 4042 sit,
275 3972 606 4050 conpraehindendum
634 3981 665 4032 et
691 3972 877 4033 tradendum
905 3974 937 4033 in
964 3993 1076 4035 manus
1103 3974 1191 4036 illius

94 4070 141 4130 cui
167 4069 369 4132 hnmicidinm
400 4072 481 4134 fecit.
532 4073 618 4136 Etsi
643 4073 705 4136 hoe
730 4074 937 4148 nonleeerit‚
967 4075 1043 4135 dare
1074 4075 1192 4138 deueat

93 4172 311 4234 mediaetatem
333 4174 373 4234 de
394 4173 538 4240 omnibus
560 4179 654 4238 rebus
676 4176 857 4253 monilibus,
889 4183 1018 4257 excepto
1040 4183 1189 4250 tectoras,
