2574 4710
129 355 167 421 10
492 351 658 415 EDICTVS
679 351 865 420 ROTHARI.

124 539 172 599 De
195 537 335 600 debitore
358 539 529 621 querendo.

124 639 294 712 Quomodo
318 640 385 721 quis
408 641 521 701 debeat
541 639 714 721 pignerare.

124 742 170 803 De
191 741 295 804 illicita
315 741 540 822 pignoratione.

124 842 240 928 [Vero]
264 845 336 909 248.
359 843 391 904 si
413 843 480 925 quis
503 862 560 924 per
581 861 688 905 errore
711 843 772 905 alio
794 862 853 922 pro
877 842 937 904 alio
959 842 1178 923 pignerauerit.

122 945 195 1010 249.
216 945 263 1005 De
285 944 386 1025 gregis
409 963 569 1026 equarum.

122 1048 196 1112 250.
218 1045 249 1107 Si
271 1046 407 1108 cauallus
431 1045 565 1108 domitus
588 1053 641 1108 aut
662 1044 752 1107 bouis
774 1037 878 1107 iocum
898 1045 1115 1126 pignerauerit.

121 1149 195 1214 251.
217 1147 248 1208 Si
269 1147 367 1209 homo
389 1147 467 1207 liber
490 1147 542 1228 qui
563 1146 685 1209 deuitor
707 1152 764 1213 cst.

120 1250 194 1314 252.
216 1248 296 1310 Nulli
318 1249 408 1310 leciat
428 1268 487 1328 pro
510 1248 647 1328 qualeuit
668 1248 804 1310 deuitum
827 1268 899 1311 casa
920 1249 1094 1330 pignerare.

120 1353 193 1416 253.
216 1351 262 1411 De
283 1350 382 1416 furtis.

121 1453 194 1517 254.
217 1451 249 1512 Si
272 1471 397 1513 seruum
419 1453 535 1514 furtum
556 1451 672 1516 fecerit.

120 1557 193 1619 255.
214 1553 261 1614 De
282 1555 486 1633 proditorem.

119 1657 193 1721 256.
216 1655 248 1716 Si
269 1675 377 1719 seruus
400 1656 431 1716 in
452 1655 525 1736 fuga
545 1655 661 1717 furtum
682 1655 797 1722 fecerit.

119 1758 193 1824 257.
215 1757 248 1819 Si
269 1758 378 1819 mulier
399 1757 497 1818 libera
518 1758 633 1818 furtum
654 1758 770 1824 iecerit.

120 1859 193 1924 258.
216 1858 247 1919 Si
270 1858 385 1920 aldiam
408 1866 461 1920 aut
482 1859 625 1920 ancillam
646 1859 677 1920 in
699 1861 814 1922 furtum
835 1860 960 1921 inuenta
981 1858 1083 1922 fuerit.

118 1961 191 2026 250.
214 1959 245 2020 Si
266 1960 345 2020 liber
365 1960 463 2022 homo
486 1967 612 2022 seruum
634 1981 723 2024 suum
745 1961 860 2023 furtum
883 1960 987 2023 facere
1008 1960 1139 2021 iusserit.

27 2142 32 2157 Ι
117 2063 190 2127 260.
213 2062 260 2122 De
280 2061 493 2150 incentionem
514 2062 628 2143 aliqua.

118 2165 191 2229 261.
213 2163 246 2224 Si
268 2183 376 2226 seruus
400 2164 501 2225 aliena
523 2164 634 2226 ancilla
656 2184 787 2226 onorem
808 2164 928 2226 habens
950 2164 1110 2229 iurauerit.

41 2341 48 2347 μ
116 2267 191 2330 262.
214 2265 246 2327 Si
273 2284 383 2328 seruus
413 2266 486 2326 dum
514 2265 546 2325 in
571 2266 645 2346 fuga
672 2274 719 2328 est
747 2265 878 2327 cuileuet
903 2265 1011 2346 aliquit
1042 2266 1231 2327 comenda-'

221 2367 310 2435 uerit.

115 2470 190 2535 263.
213 2468 245 2530 Si
265 2469 369 2549 plures
392 2468 535 2530 homines
557 2469 673 2530 furtum
694 2469 839 2530 fecerent.

116 2572 190 2637 264.
212 2570 244 2631 Si
264 2570 343 2631 liber
364 2578 417 2632 aut
439 2590 547 2633 seruus
569 2570 646 2632 ioris
668 2571 829 2650 prouincia
850 2570 948 2652 fugire
971 2570 1113 2634 uoluerit.

115 2674 189 2755 265.
211 2672 258 2732 De
278 2672 473 2752 portonario.

113 2777 186 2841 266.
209 2775 241 2837 Si
262 2774 462 2855 portunarius
484 2774 627 2835 furonem
650 2774 749 2836 sciens
771 2773 1009 2852 transposuerit.

114 2878 186 2944 267.
209 2877 241 2938 Si
261 2876 461 2957 portunarius
483 2875 671 2956 mancipium
692 2876 834 2957 fugacem
855 2875 1091 2956 transposuerit.

111 2979 185 3044 268.
209 2978 242 3039 si
263 2977 460 3058 portunarius
481 2976 642 3038 hominem
663 2976 795 3038 liberum
817 2979 1052 3057 transposuerit.

112 3083 186 3147 269.
208 3079 241 3141 Si
263 3079 331 3160 quis
355 3078 541 3159 mancipium
563 3079 688 3143 alicuius
710 3087 783 3160 post
805 3078 935 3140 alterum
956 3079 1085 3159 fugierit.

110 3184 184 3247 270.
206 3182 253 3242 De
273 3181 359 3242 illum
380 3189 454 3262 post
475 3201 568 3262 quem
590 3181 777 3271 mancipium
797 3179 928 3262 fugierit.

110 3285 187 3351 271.
208 3284 254 3344 De
278 3292 394 3345 curtem
417 3283 509 3364 regis,

109 3387 182 3452 272.
203 3386 251 3446 De
273 3385 412 3451 ecclesia.

107 3488 182 3554 273.
204 3486 237 3548 Si
259 3506 367 3549 seruus
389 3487 470 3549 iutra
491 3485 653 3567 prouincia
675 3484 844 3565 uagauerit.

107 3591 181 3655 274.
203 3588 235 3650 si
257 3589 325 3669 quis
348 3587 536 3669 mancipium
557 3588 699 3668 fugacem
720 3585 873 3647 habuerit.

107 3692 180 3756 275.
202 3691 248 3751 De
269 3690 375 3778 fugam
397 3688 549 3769 mancipii.

105 3793 180 3858 276.
203 3792 235 3853 Si
257 3792 325 3872 quis
348 3791 533 3871 mancipium
556 3789 655 3852 sciens
677 3789 819 3870 fugacem
841 3789 1005 3870 exceperit.

105 3896 179 3960 277.
201 3895 248 3954 De
268 3894 385 3959 sorore.

105 3996 178 4062 276.
200 3996 246 4056 De
269 4002 353 4056 curte
375 4001 475 4073 rupta.

104 4099 178 4163 279.
200 4096 247 4156 De
269 4093 396 4158 consilio
419 4093 656 4176 rustiganorum.

104 4198 177 4263 280.
199 4197 246 4258 De
267 4197 497 4278 rustiganorum
518 4197 705 4264 siditionem.
