2574 4710
308 350 471 414 EDlCTVS
492 349 670 413 norunal
692 349 773 413 CAP.
799 351 971 417 139-144.
1145 353 1185 418 29

183 518 253 603 139}
295 536 342 596 De
363 555 516 597 uenenum
538 543 753 616 temperatum.
780 536 812 596 Si
834 536 902 616 quis
924 535 1020 596 homo
1041 534 1119 596 liber
1134 543 1187 596 aut

89 639 209 701 mulier
247 657 402 700 uenenum
439 640 658 718 temperauerit
690 646 720 699 et
756 639 806 700 alii
839 640 878 700 ad
910 639 1078 700 biuendum
1111 638 1187 699 dare

92 743 247 815 uoluerit,
277 747 433 821 conponat
458 739 574 803 solidos
604 740 725 821 uiginti,
755 741 833 803 sicut
862 741 913 802 ille
940 740 992 822 qui
1021 741 1060 801 de
1087 748 1187 802 morte

95 846 224 908 alterius
246 844 423 906 consiliatus
443 841 542 907 fuerit.

185 950 255 1012 140.
300 947 330 1007 Si
351 945 430 1006 liber
452 953 505 1006 aut
524 945 624 1006 libera
643 964 795 1006 uenenum
816 943 865 1006 alii
881 944 993 1006 dedirit
1014 945 1053 1006 ad
1074 945 1188 1006 biuen-

98 1051 187 1123 dum,
217 1047 321 1128 etqui
343 1048 509 1126 acceperit,
537 1066 576 1106 ex
596 1046 665 1126 ipso
688 1067 810 1109 ueneno
838 1053 978 1108 mortuus
1000 1067 1064 1107 non
1086 1048 1187 1121 fuerit,

99 1157 259 1231 conponat
280 1150 331 1230 qui
347 1168 501 1210 uenenum
517 1149 609 1225 dedit,
633 1149 828 1210 medietatem
843 1149 952 1229 praetii
974 1148 1079 1229 ipsius,
1103 1151 1187 1229 quod

99 1253 311 1334 adpraetiatus
332 1250 432 1323 fuerit,
455 1252 480 1312 si
504 1269 574 1311 eum
597 1250 760 1316 occidissit.

185 1356 254 1420 141.
299 1353 330 1413 Si
356 1352 424 1433 quis
451 1372 605 1414 uenenum
641 1354 679 1414 ad
714 1353 879 1416 binendum
915 1353 1041 1429 dcdirit,
1078 1362 1109 1417 et
1137 1352 1189 1436 qui

101 1459 267 1537 acceperit,
291 1461 431 1516 mortuos
453 1454 560 1530 fuerit,
583 1457 736 1534 praetium
758 1457 872 1518 mortui
894 1459 1062 1519 secundum
1084 1457 1189 1538 quali-

103 1567 196 1621 tatem
215 1576 371 1639 personae
392 1556 422 1617 in
444 1557 563 1636 integro
586 1563 751 1636 conponat.

189 1663 254 1726 142.
301 1659 331 1720 Si
354 1678 463 1721 seruus
487 1659 536 1719 uel
564 1658 673 1720 ancilla
700 1678 854 1720 uenenum
884 1660 981 1721 alecui
1009 1661 1130 1735 dedicit,
1159 1669 1190 1723 et

102 1763 152 1824 ille
174 1763 224 1843 qui
247 1761 366 1841 accepit
387 1767 528 1822 mortuos
551 1780 614 1821 non
635 1761 736 1834 fucrit,
760 1770 918 1842 conponat
940 1763 1083 1827 dominus
1105 1768 1186 1826 serui

100 1865 152 1927 uel
185 1863 314 1926 ancillae
344 1862 540 1922 medictatem
574 1863 685 1943 praetii
711 1863 822 1943 ipsius,
856 1865 940 1944 quod
974 1867 1106 1929 ualuerit
1138 1867 1189 1948 qui

100 1966 237 2046 accepit3
270 1975 301 2028 et
320 1986 377 2046 per
405 1969 510 2027 omnia
535 1969 600 2046 ipse
622 1985 730 2027 seruus
754 1967 803 2026 uel
830 1967 941 2028 ancilla
962 1966 993 2028 in
1016 1969 1085 2048 ipsa
1108 1989 1189 2030 con-

98 2070 260 2148 positione
291 2088 350 2148 pro
379 2077 527 2149 quantum
561 2067 750 2146 adpretiatus
777 2067 888 2143 fuerit,
915 2070 954 2129 ad
988 2071 1189 2132 occidendum

100 2171 254 2236 tradatur.
291 2171 331 2232 Et
356 2170 381 2232 si
408 2178 547 2231 mortuus
575 2168 683 2242 fuerit,
714 2168 765 2247 qui
793 2171 924 2249 accepit,
955 2179 1025 2231 tunc
1047 2173 1189 2236 dominus

101 2274 184 2334 serui
207 2272 258 2334 uel
280 2273 389 2334 ancille
418 2273 518 2353 ipsum
545 2271 701 2331 hominem
725 2270 755 2329 in
776 2270 927 2351 integrum
950 2281 1121 2353 conponat,
1147 2275 1190 2336 sic

105 2381 207 2455 tamen
226 2381 262 2436 ut
277 2393 384 2437 seruus
407 2382 460 2436 aut
486 2373 594 2436 ancilla
615 2372 646 2433 in
666 2371 735 2451 ipsa
762 2373 978 2452 conpositione
1004 2395 1062 2454 pro
1086 2395 1190 2456 quau-

103 2481 167 2536 tum
190 2476 379 2556 adpretiatus
399 2476 508 2561 ‚fuerit,
538 2477 578 2536 ad
601 2475 803 2536 occidendum
824 2476 973 2550 tradatur,
996 2485 1027 2539 et
1047 2479 1130 2540 nulla
1152 2480 1192 2541 sit

99 2579 276 2658 redemptio
300 2586 353 2640 aut
374 2578 531 2640 excusatio
553 2577 661 2640 mortis
684 2577 766 2639 serui
785 2578 836 2639 uel
858 2579 974 2643 ancille.

188 2683 258 2747 143.
306 2681 352 2740 De
380 2700 418 2741 co
449 2680 501 2761 qui
532 2687 605 2760 post
631 2687 758 2760 accepta
785 2681 999 2760 conpositione
1026 2701 1060 2744 se
1085 2683 1192 2745 uindi-

101 2783 231 2848 cauerit.
282 2784 313 2846 si
338 2784 436 2845 homo
466 2783 586 2845 occisus
620 2783 712 2844 fuerit
737 2782 814 2843 liber
841 2791 894 2844 aut
921 2804 1044 2858 seruus,
1073 2795 1104 2847 et
1130 2806 1189 2866 pro

99 2885 273 2948 homicidio
295 2886 365 2966 ipso
394 2885 567 2965 conpositio
590 2886 671 2946 facta
693 2885 797 2958 luerit,
827 2893 858 2947 et
883 2906 941 2966 pro
969 2887 1190 2967 amputandam

98 2986 261 3049 inimicitia
291 2996 484 3050 sacramenta
511 2988 653 3068 prestita:
682 2996 712 3050 et
738 2996 849 3068 postea
875 2989 1058 3069 contegent,
1087 2999 1119 3051 ut
1142 2991 1192 3051 ille

102 3089 156 3170 qni
184 3090 433 3171 conpositionem
463 3089 594 3169 accepit,
625 3109 659 3152 se
685 3090 860 3151 uindicandi
891 3109 1016 3152 causam
1047 3093 1194 3154 occiderit

101 3192 265 3253 hominem
281 3194 319 3253 de
333 3200 435 3273 parte,
458 3193 497 3252 de
513 3209 574 3271 qua
589 3191 835 3271 conpositionem
850 3193 982 3272 accepit:
1004 3192 1144 3255 iubemus
1160 3201 1194 3254 ut

102 3294 135 3354 in
158 3295 286 3356 dublum
307 3296 418 3356 reddat
438 3295 538 3374 ipsam
555 3293 800 3373 conpositionem
822 3293 931 3354 iterum
946 3295 1124 3373 parentibus
1137 3297 1195 3357 'aut

105 3397 235 3458 domino
259 3397 350 3463 serui.
399 3396 494 3458 Simili
516 3396 611 3457 modo
634 3397 673 3456 de
694 3396 802 3475 plagas
825 3403 878 3455 aut
902 3395 1024 3467 feritas,
1048 3396 1099 3476 qui
1121 3406 1194 3476 post

104 3498 356 3578 conpositionem
379 3507 537 3579 acceptam
558 3517 591 3561 se
613 3498 768 3559 uindicare
789 3496 993 3576 temptauerit
1014 3497 1044 3572 in
1067 3499 1193 3561 dublum

105 3601 191 3681 quod
214 3600 345 3681 accepit,
368 3602 522 3676 restituat;
550 3609 679 3680 excepto
702 3600 727 3662 si
747 3598 906 3661 hominem
928 3599 1090 3678 occiderit,
1113 3621 1195 3664 con-

102 3712 242 3783 ponatur
262 3711 296 3764 ut
317 3722 421 3784 supra.

192 3808 261 3872 144.
296 3806 343 3866 De
359 3804 524 3885 magistros
539 3805 757 3868 commacinos
780 3803 812 3866 si
826 3804 972 3884 magister
987 3806 1194 3869 commacinus

107 3927 177 3968 curn
201 3908 390 3988 collegantes
411 3928 485 3970 suos
508 3907 724 3986 cuiuscumque
747 3907 874 3967 domum
896 3908 936 3968 ad
958 3909 1194 3970 restaurandam

108 4010 159 4071 uel
172 4009 386 4072 fabricandam
402 4030 495 4090 super
509 4029 552 4082 sc,
575 4009 719 4090 placitum
738 4007 826 4069 linito
842 4009 880 4069 de
896 4011 1063 4083 mercedes,
1085 4029 1196 4073 susce-

107 4111 205 4190 perit.
227 4120 258 4173 ct
280 4111 441 4192 contigerit
463 4111 596 4193 aliquem
617 4131 674 4192 per
695 4111 795 4191 ipsam
811 4111 938 4173 domum
960 4119 1013 4173 aut
1034 4112 1195 4173 materium

108 4214 248 4294 elapsum
272 4221 325 4275 aut
346 4214 479 4293 lapidem
502 4214 596 4287 mori,
623 4234 687 4274 non
708 4215 881 4294 requiratur
903 4233 922 4275 a
944 4213 1088 4287 domino,
1110 4215 1196 4276 cuius
