2574 4710
175 97 412 175 mvrrmmr
432 113 558 176 cuens
579 115 675 178 ιιιιιι
695 117 779 179 xiv.
802 117 885 182 cnr.
905 119 1041 187 'ra-75.
1108 123 1167 188 113

64 295 174 378 puella
195 296 307 358 tollere
328 297 380 358 uel
400 307 530 378 rapere,
559 306 590 360 et
612 318 706 363 causa
727 307 861 381 prouata
882 303 989 377 luerit,
1012 314 1170 385 conponat

64 416 127 480 pro
148 397 219 478 ipso
240 398 364 460 inlecito
387 400 540 477 consilio,
561 402 645 482 quod
668 410 777 465 eontra
798 403 953 468 rationem
975 406 1167 479 minis-transt,

10 538 12 545 ·
65 498 189 562 solidos
205 507 341 562 centum:
364 501 407 564 ita
429 522 515 576 sane,
538 509 571 564 ut
592 504 672 566 inter
686 504 746 567 ista
761 505 905 585 capitula,
929 525 1009 586 quae
1024 507 1167 582 diximus,

10 600 13 605 '
66 601 151 661 unde
179 602 354 682 conpositio
382 605 473 667 datur
501 624 559 684 per
591 605 694 685 ipsum
731 606 783 686 qui
810 607 912 686 ipsum
947 608 1062 670 malum
1096 611 1167 691 agit,

67 701 186 765 solidos
208 713 395 785 nongentos,
416 705 485 785 ipse
507 707 686 769 consiliator
708 715 865 788 conponat
886 709 1006 772 solidos
1028 717 1166 787 centum;

68 812 98 867 et
117 804 202 865 un'de
224 807 397 885 conpositio
418 806 474 869 fiet
496 809 535 868 de
556 809 673 872 solidos
695 817 862 882 trecentos,
885 810 1065 872 consiliator
1086 831 1166 873 con-

68 915 165 988 ponat
186 890 305 970 solidos
328 908 562 989 quinquaginta,
586 917 617 971 et
639 910 664 972 si
687 910 786 971 minus
810 911 849 972 de
869 919 1025 974 trecentos
1046 913 1165 976 solidos

68 1009 158 1071 luerit
177 1009 248 1091 ipsa
270 1010 451 1090 conpositio,
474 1011 657 1073 consiliator
671 1020 830 1092 conponat
851 1013 967 1074 solidos
990 1016 1041 1087 40,
1064 1014 1165 1076 minus

69 1128 144 1186 non;
163 1110 384 1172 mediaetatem
400 1131 439 1174 ex
453 1113 597 1175 omnibus
614 1113 830 1194 suprascriptis
847 1115 986 1194 capitulis
1000 1115 1033 1177 in
1048 1116 1164 1196 palatie

70 1212 158 1293 regis,
180 1218 212 1273 et
233 1213 452 1276 mediaetatem
475 1214 560 1277 euius
583 1234 679 1277 causa
700 1216 801 1281 luerit.
843 1216 881 1277 Et
903 1217 929 1278 si
949 1217 1017 1298 ipse
1039 1218 1079 1277 de
1101 1237 1164 1297 quo

74 1314 192 1391 dicitur,
216 1315 301 1394 quod
323 1317 535 1398 suprascripta
563 1317 645 1377 mala
668 1316 869 1390 consiliassit,
892 1326 1000 1380 uetare
1021 1318 1163 1392 uoluerit,

71 1416 149 1496 qnod
179 1416 276 1478 talem
305 1418 467 1482 consilium
495 1438 559 1479 nou
588 1418 733 1491 dedissit,
766 1428 898 1500 preueat
932 1428 1165 1502 sagramentum

10 1534 18 1585 .’
70 1537 133 1580 cum
155 1519 309 1600 legetimis
332 1521 612 1602 sagramentalibus
635 1522 708 1593 suis,
729 1522 815 1583 iuxta
838 1521 937 1602 qualis
953 1541 1048 1586 causa
1063 1523 1163 1597 luerit,

10 1618 14 1691 f·
69 1619 166 1704 [coel.
188 1621 262 1706 359]
290 1628 321 1683 et
348 1620 387 1683 sit
407 1620 585 1694 absolutus,
613 1643 686 1684 nam
715 1642 772 1702 per
797 1642 902 1703 pugna
923 1644 987 1685 non
1009 1624 1163 1705 fatigetur.
1208 1703 1210 1707 Ι

10 1702 23 1787 i
68 1720 143 1786 llam
164 1723 193 1786 si
213 1722 260 1784 rei
280 1723 395 1784 ueritas
419 1723 615 1785 maniiestata
635 1723 740 1801 luerit,
768 1732 926 1804 conponat
946 1733 981 1786 ut
1002 1746 1106 1805 supra.

10 1822 12 1829 ’
146 1827 200 1891 73.
222 1824 288 1890 llll.
336 1825 383 1884 De
412 1824 582 1885 donatione
615 1844 710 1905 quae
734 1825 800 1886 sine
831 1825 979 1906 launigild
1012 1834 1066 1887 aut
1097 1826 1163 1888 sine

10 1906 256 2008 iniugatione
289 1927 372 1988 iacta
401 1932 462 1999 est,
496 1927 630 1988 menime
663 1934 747 1988 stare
776 1928 896 1988 deueat.
951 1926 1032 1998 Quia
1062 1934 1092 1988 et
1119 1928 1164 1989 sic

65 2029 240 2111 specialiter
259 2029 291 2089 in
314 2029 446 2092 edictum
467 2048 532 2089 non
552 2028 610 2088 fuit
629 2027 809 2101 institutum,
832 2035 936 2089 tamen
952 2029 1161 2108 usquemodo

68 2130 112 2192 sic
131 2138 178 2195 cst
197 2131 379 2192 iudicatum:
423 2131 495 2192 ideo
517 2149 575 2210 pro
604 2149 711 2190 errore
737 2130 909 2190 tollendum
936 2129 997 2190 hoc
1026 2130 1161 2192 scribere

62 2233 94 2292 in
117 2231 208 2294 edicti
229 2233 375 2313 paginam
395 2233 553 2296 iussimus.
596 2231 635 2292 Et
657 2231 710 2311 qui
723 2231 814 2292 fuerit
828 2231 1020 2311 propinquus
1035 2251 1160 2311 parcns,

11 2318 15 2323 ¹
62 2333 130 2414 ipse
151 2333 305 2408 succidat,
335 2342 367 2396 et
388 2336 412 2397 si
438 2335 490 2396 ille
513 2333 682 2414 supraestis
711 2332 818 2404 luerit,
850 2333 903 2412 qui
927 2333 1028 2413 ipsam
1057 2335 1161 2395 dona-

10 2466 18 2501 ι
61 2435 179 2497 tionem
206 2435 274 2498 siue
304 2435 451 2516 launigild
481 2436 582 2508 dedit,
616 2434 717 2515 possit
743 2454 812 2495 eam
842 2453 861 2495 a
892 2453 926 2496 se
955 2434 1160 2516 recollegere3

15 2558 18 2563 ·
63 2544 194 2618 excepto
217 2538 244 2600 si
264 2537 297 2597 iu
318 2537 480 2599 ecelesiam
496 2545 548 2599 aut
568 2537 600 2597 in
622 2537 691 2598 loca
707 2543 885 2598 sanctorum
900 2544 954 2598 aut
974 2537 1006 2597 in
1022 2556 1162 2599 axeneo-

64 2639 178 2701 doclrio
199 2659 259 2719 pro
282 2639 386 2700 anima
413 2658 470 2702 sua
493 2639 601 2719 aliquit
623 2639 825 2718 quiscumque
847 2637 1024 2711 donauerit,
1052 2639 1163 2701 stabile

64 2741 176 2804 deueat
202 2760 402 2822 permanere,
432 2741 505 2821 quia
525 2741 556 2801 in
578 2741 650 2820 loga
677 2748 855 2802 sanctorum
882 2746 935 2800 aut
961 2738 994 2798 in
1022 2759 1163 2801 exeneo-

67 2843 178 2904 dochio
199 2861 258 2903 nec
278 2842 366 2904 thinx
387 2861 445 2903 uec
471 2842 617 2922 launigild
645 2841 785 2920 inpedire
808 2839 906 2914 deuit,
935 2858 973 2900 eo
997 2841 1081 2919 quod
1103 2861 1161 2921 pro

67 2945 166 3008 anima
187 2946 304 3007 iactum
326 2952 382 3011 est.

146 3049 198 3113 74.
220 3049 258 3110 V.
302 3046 474 3118 sinens,
502 3045 576 3104 dum
596 3044 676 3104 intra
704 3049 806 3105 aetate
828 3050 891 3118 est,
921 3062 972 3104 res
995 3062 1068 3104 suas
1091 3061 1162 3103 cum

70 3146 211 3211 fratribus
239 3154 292 3209 aut
320 3167 390 3209 cum
416 3145 596 3226 parentibus
628 3146 691 3207 suis
722 3146 861 3206 diuidere
883 3144 1032 3217 uoluerit,
1061 3155 1114 3206 aut
1136 3145 1163 3206 si

73 3246 123 3328 ipsi
143 3271 213 3312 cum
228 3251 299 3331 ipso
313 3249 430 3310 infante
446 3247 583 3308 diuidere
598 3247 761 3319 noluerint,
783 3247 877 3309 iaciat
890 3245 981 3307 iudici
996 3244 1161 3319 noditiam;

73 3352 183 3433 etipse
203 3351 298 3413 iudex
318 3351 412 3413 iaciat
432 3350 538 3412 uenire
559 3352 697 3430 parentis
719 3349 831 3429 ipsius,
861 3356 891 3409 et
910 3367 973 3409 una
996 3366 1065 3408 cum
1085 3347 1161 3426 ipsis

73 3459 120 3514 nnt
139 3472 196 3533 per
218 3473 252 3515 se
273 3453 376 3534 ipsum
407 3458 460 3514 aut
484 3472 542 3532 per
563 3452 692 3514 missum
714 3471 820 3523 suum,
850 3452 965 3511 bonam
992 3467 1162 3528 personam

75 3550 159 3615 deum
180 3554 350 3627 timentem,
373 3574 424 3617 res
445 3555 531 3635 ipsas
548 3555 701 3629 diuidant3
724 3554 768 3615 sic
789 3560 894 3613 tamen
916 3559 949 3612 ut
971 3551 1055 3612 omni
1077 3558 1162 3612 tem-

76 3669 144 3729 pore
165 3657 257 3719 sortis
281 3664 364 3720 stare
387 3658 530 3730 debeant,
553 3666 584 3718 et
606 3657 774 3736 adequatio
795 3660 966 3735 percurrat.

150 3762 201 3823 75.
223 3760 274 3822 Vl.
318 3759 350 3819 Si
370 3758 472 3821 inians
495 3760 569 3819 dum
596 3761 676 3820 intra
703 3765 837 3820 aetatem
860 3763 922 3827 est,
953 3772 1080 3816 causam
1100 3753 1163 3814 ha-

76 3853 168 3920 buerit
199 3878 269 3921 cum
303 3861 528 3941 qualecumque
559 3861 737 3933 hominem,
776 3857 915 3922 similiter
946 3856 1040 3917 iaciat
1070 3855 1165 3917 iudex

78 3960 204 4034 parentis
231 3962 329 4042 ipsius
359 3963 554 4045 propinquos
582 3963 705 4039 uenire,
739 3969 770 4024 et
800 3961 927 4024 accedat
959 3963 1033 4038 aput
1060 3957 1162 4017 locum

934 4061 955 4124 8
