2574 4710
184 355 391 418 AHlSTVLFl
412 355 536 418 LEGES
557 356 611 418 DE
631 350 741 420 ANNO
763 360 799 431 V,
820 376 851 437 p.
874 356 945 427 Chr.
966 361 1037 425 755.
1104 364 1165 428 165

75 543 188 624 pagina
215 541 308 623 adfigi
338 542 517 613 statuimus,
552 561 632 622 quae
660 542 898 622 praecellentiae
925 553 1051 607 nostrae
1077 546 1161 610 iuxta
1195 571 1199 579 ·

75 645 168 705 deum
188 643 269 706 iusta
291 651 539 723 comparuerunt,
562 643 704 723 quatinus
719 643 833 705 iustitia
848 653 973 708 maneat
987 653 1018 708 et
1031 654 1162 711 nostro-

75 766 143 806 rum
165 745 300 807 iudicum
319 744 433 805 iudicio
455 745 556 807 omnis
578 747 752 808 obscuritas
774 744 980 808 inluminetur.

160 867 209 931 10.
250 865 274 931 l
306 866 480 928 Recolimus
511 867 592 927 enim
620 866 651 927 in
684 866 840 928 anteriore
872 866 963 928 edicti
993 863 1160 948 pagiuam¹

74 986 143 1029 esse
165 967 324 1040 insertum,
347 975 380 1029 ut
401 968 427 1029 si
447 968 544 1030 frater
566 969 723 1030 desederit
743 970 862 1056 absque
883 967 954 1031 liliis
975 969 1108 1043 filiabus,
1131 980 1162 1032 et

74 1088 200 1132 sorores
221 1068 410 1150 relinquerit,
432 1069 519 1149 ipsae
542 1070 569 1130 ei
590 1071 723 1133 heredes
745 1069 952 1146 succederiut;
974 1088 1047 1132 nam
1069 1091 1160 1132 ame-

74 1172 161 1234 danis
183 1191 294 1232 eorum
314 1179 464 1250 nepotum
484 1172 717 1251 possessionem
740 1191 851 1252 capere
872 1171 1051 1233 nullumodo
1066 1182 1161 1253 pote-

75 1276 156 1347 bant,
175 1275 248 1355 quia
268 1273 344 1334 nihil
358 1274 397 1334 de
412 1273 529 1336 eisdem
545 1273 746 1336 amedanibus
761 1273 829 1353 ipse
847 1272 1019 1336 continetur
1032 1275 1159 1348 edictus,
1188 1330 1191 1334 ,

76 1376 132 1439 uisi
154 1383 206 1438 aut
227 1390 353 1438 sorores
370 1382 422 1437 aut
442 1383 587 1455 parentes
608 1375 773 1456 propinqui
794 1375 1014 1451 succedebant3
1037 1383 1067 1438 et
1086 1379 1167 1439 dum·

75 1481 275 1540 remanebant
296 1479 326 1539 in
348 1478 458 1558 capillo
479 1479 511 1539 in
533 1498 606 1540 casa
627 1477 817 1555 inordinate,
845 1477 996 1557 patientes
1017 1481 1159 1542 uecessi-

78 1587 181 1654 tatem,
219 1581 317 1643 seruis
345 1571 378 1643 se
404 1582 601 1663 copulabant.
650 1579 724 1641 ldeo
751 1581 809 1640 deo
838 1579 928 1642 nobis
956 1579 1160 1660 inspirantem

74 1691 210 1746 statuere
224 1683 424 1763 prendimus,
446 1691 478 1745 ut
494 1684 519 1745 si
536 1683 604 1763 quis
624 1682 834 1762 langobardus
857 1681 991 1745 moriens
1007 1703 1158 1757 sororem,

73 1805 131 1846 uua
152 1793 208 1847 aut
228 1785 342 1865 plures,
364 1785 396 1847 in
418 1785 530 1866 capillo
551 1785 583 1846 in
605 1804 678 1847 casa
700 1782 866 1863 reliquerit,
892 1792 923 1845 et
944 1782 1041 1844 filium
1064 1806 1158 1846 unum

73 1895 123 1949 rut
142 1887 259 1967 plures,
281 1887 335 1949 filii
355 1887 451 1968 ipsius
474 1887 607 1948 debeant
627 1904 826 1966 perpensare,
849 1884 980 1964 qualiter
999 1887 1158 1950 amedanis

73 2008 182 2050 eorum
203 1991 322 2070 absque
342 1988 557 2051 necessitatem
580 1988 686 2049 uiuere
712 1994 842 2067 possent
863 1987 1031 2048 secundum
1054 1989 1158 2068 quali-
1176 2031 1182 2043 .

73 2098 168 2152 'atem
188 2090 378 2153 substantiae
400 2110 484 2162 suae,
506 2097 540 2152 ut
561 2089 720 2152 amedanis
742 2088 865 2149 illorum
881 2087 1079 2168 indigentiam
1095 2110 1157 2151 nou

73 2192 219 2274 patiatur,
241 2212 343 2275 neque
365 2193 403 2253 de
425 2192 552 2266 uictum,
580 2212 681 2272 neque
703 2192 742 2251 de
764 2189 995 2263 uestimentum,
1023 2193 1079 2253 sed
1100 2212 1158 2254 nec

73 2296 108 2355 de
138 2294 291 2375 obsequio
322 2315 389 2361 suo.
432 2294 471 2356 Et
499 2293 525 2355 si
552 2293 584 2354 in
611 2313 700 2355 sacro
729 2291 919 2354 monasterio
951 2295 1008 2354 sub
1042 2302 1156 2357 statuta

72 2397 175 2478 regula
197 2399 303 2458 uiuere
324 2396 466 2470 uoluerit,
488 2398 527 2456 ab
550 2394 624 2475 ipsis
640 2393 703 2456 suis
725 2393 888 2474 nepotibus
911 2394 1100 2468 ordinentur,
1123 2405 1157 2459 ut

73 2497 129 2560 illis
152 2498 332 2578 praeuisum
360 2498 452 2561 luerit
481 2506 534 2559 aut
566 2495 753 2557 conuenerit.
802 2486 835 2557 Si
866 2502 969 2557 autem
999 2498 1155 2577 predictus

73 2600 191 2681 nepotis
225 2600 394 2661 decesserit
426 2602 544 2679 absque
575 2597 645 2660 filiis
676 2597 800 2660 filiabus
832 2605 884 2659 aut
914 2597 1093 2673 intestatim,
1126 2608 1157 2661 et

72 2721 196 2765 sorores
219 2701 390 2781 reliquerit,
420 2700 579 2763 amedanis
601 2720 725 2777 eorum,
754 2698 856 2780 quiin
879 2718 952 2760 casa
973 2700 1005 2760 in
1027 2701 1155 2781 capillos

72 2803 290 2876 remanserint,
320 2823 388 2863 cum
417 2802 501 2882 ipsas
532 2810 661 2882 nepotes
688 2821 761 2864 suas
783 2802 813 2862 in
843 2803 935 2863 rebus
957 2810 1104 2882 nepotum
1126 2813 1157 2866 et

72 2908 199 2968 s'ratrum
222 2905 390 2967 succedent
411 2904 571 2986 equaliter,
594 2912 860 2985 quantaecumque
880 2902 1003 2965 luerint.

152 3027 202 3091 11.
245 3025 282 3091 Η,
315 3024 484 3086 Anterioris
507 3023 616 3084 edicti²
637 3024 779 3104 leguntur
801 3023 948 3104 capitula,
975 3030 1009 3084 ut
1033 3022 1060 3084 si
1086 3024 1154 3103 quis

72 3127 278 3208 angebardus
306 3127 511 3206 pertinentem
537 3116 678 3188 suumin
707 3133 817 3205 quarta
845 3144 969 3186 manum
994 3123 1155 3188 tradiderit

72 3237 96 3290 et
130 3229 171 3289 ad
204 3247 238 3290 se
270 3228 408 3289 hamund
440 3228 562 3300 lecerit,
600 3234 653 3288 aut
684 3227 765 3288 circa
797 3226 907 3288 altario
941 3221 1155 3288 deducendum

72 3330 223 3392 sacerdoti
246 3331 416 3417 tradiderit,
444 3329 537 3393 soluti
558 3331 597 3390 ab
621 3346 745 3389 omnem
767 3326 975 3388 conditionem
998 3329 1152 3392 seruitutis

72 3431 287 3512 permanerint.
331 3433 391 3494 Sed
425 3431 572 3512 quoniam
604 3429 744 3510 peruersi
774 3429 908 3492 hominis
940 3432 1153 3495 benefactores

72 3555 142 3597 suos
158 3542 285 3616 accepta
299 3534 472 3596 libertatem
486 3533 725 3614 postponebant,
748 3538 779 3592 et
792 3531 851 3611 ipsi
866 3551 937 3592 eum
954 3533 1153 3611 postmodum

71 3623 202 3699 retinere
219 3656 418 3717 nequaquam
439 3635 598 3707 ualebant,
625 3632 711 3693 multi
736 3633 869 3696 hominis
891 3633 1025 3696 timentis
1046 3654 1085 3695 ne
1107 3637 1155 3698 sui

71 3739 167 3802 liberti
196 3759 250 3801 eos
277 3745 516 3818 postponerent,
544 3737 717 3799 libertatem
739 3735 783 3797 eis
797 3736 915 3798 'lacere
941 3735 1154 3803 obmittebaut.

71 3841 237 3921 Propterea
269 3839 445 3913 statuimus,
485 3847 519 3900 ut
549 3837 576 3901 si
608 3837 676 3919 quis
708 3837 918 3918 langobardus
951 3837 1152 3917 pertinentem

71 3964 155 4005 suum
177 3942 319 4024 thiugare
341 3940 473 4004 uoluerit
486 3941 517 4002 in
539 3948 650 4021 quarta
664 3958 791 4000 manum
806 3947 837 4000 et
852 3937 969 4001 cartola
982 3939 1025 3999 illi
1037 3940 1153 4012 fecerit,

71 4133 90 4204 Ι)
109 4134 211 4203 Liutpr.
230 4135 257 4188 3.
343 4134 364 4207 ²)
383 4135 458 4189 uolt.
476 4134 541 4188 224.
560 4133 725 4203 33313323.
745 4131 795 4202 cfr.
816 4133 1002 4188 Testamentum
1023 4132 1153 4188 Grudom's

71 4230 181 4297 diaconi,
202 4227 271 4282 Frtsi
288 4242 363 4282 mem.
383 4229 412 4282 ui
428 4227 526 4282 Mouza
547 4224 626 4278 1794.
646 4224 680 4293 ΙΙ,
700 4223 805 4279 4...7.
