2574 4710
93 362 134 427 eo
260 359 498 423 numanum
519 360 643 423 uncus
667 362 761 422 num
782 362 804 428 1.
828 362 909 428 cnr.
936 364 962 428 t.
985 365 1015 428 2.
1040 347 1043 352 ’

94 545 323 626 sapientissimo
347 546 540 608 salomonem
553 558 574 623 1,
604 547 657 626 qui
679 547 735 609 ait:
759 548 838 609 sieut
860 547 985 628 impitus
1009 567 1127 627 aquae,
1145 549 1181 610 ita

94 667 150 708 eor
171 649 252 728 regis
273 648 305 709 in
328 666 421 708 mano
444 649 509 722 dei;
538 649 564 711 si
591 649 724 710 tenuerit
753 668 821 723 eas,
851 650 964 728 omnia·
984 649 1181 724 siccabuntur,

94 750 121 812 si
150 757 254 812 autem
283 750 450 811 clementer
485 769 538 812 eas
573 749 747 822 demiserit,
781 750 929 813 uniuersa
961 750 1133 831 inrigantur
1158 759 1183 812 et

94 852 255 932 replentur
276 852 475 914 suauitatem.
524 852 660 925 Quidem
682 861 714 914 et
737 852 901 933 apostulus
924 852 1041 913 domini
1063 852 1182 915 lacobus

93 952 125 1013 in
148 954 282 1034 epistola
310 973 368 1015 sua
397 954 501 1016 ededit
531 954 651 1016 dicens:
680 972 806 1015 omnem
836 954 952 1016 donum
980 954 1134 1034 optimum
1160 963 1185 1015 et

95 1061 222 1118 omnem
244 1058 353 1118 datum
379 1056 553 1136 perlectum
576 1057 742 1118 desursum
765 1065 825 1128 est,
854 1056 1038 1119 discendens
1064 1074 1082 1116 a
1103 1062 1184 1135 patre

94 1158 256 1224 luminum.
300 1158 356 1219 His
380 1176 455 1238 crgo
478 1156 619 1236 expletis,
641 1156 806 1218 recolimus
831 1159 979 1238 quoniam
1003 1157 1191 1223 rouustissi-.

95 1280 164 1323 mus
187 1262 335 1323 decessor
357 1267 464 1321 noster
486 1267 580 1338 atque
596 1259 863 1320 emonentissimus
887 1260 1007 1322 rothari
1028 1279 1095 1330 rex,
1114 1259 1185 1320 sieut

94 1364 162 1443 ipse
190 1371 238 1426 est
271 1363 302 1422 in
336 1360 456 1440 scriptis
491 1361 604 1422 aliatus
637 1360 701 1424 suis
735 1361 899 1440 superius,
933 1363 963 1422 in
990 1361 1184 1442 langobardis

94 1464 230 1525 edictum
252 1463 417 1524 renouauit
440 1471 534 1542 atque
555 1461 702 1524 instituit:
732 1462 784 1523 ubi
807 1470 837 1523 et
858 1465 1029 1542 prudenter
1058 1463 1120 1523 hoc
1140 1462 1185 1521 in-

95 1583 200 1627 serere
223 1563 356 1637 curauit,
381 1565 503 1638 dicens,
526 1571 560 1624 ut
583 1564 651 1643 quis
673 1563 725 1624 ille
752 1564 1019 1643 langobardorum
1047 1563 1184 1644 princeps

93 1666 159 1728 eius
183 1684 346 1728 successor
361 1665 556 1747 superfluum
572 1664 646 1744 quid
667 1664 742 1724 inibi
764 1666 889 1745 reperit,
913 1685 952 1727 ex
974 1686 1012 1726 eo
1035 1666 1187 1746 sapienter

94 1768 241 1838 auferret,
265 1776 295 1828 et
311 1770 395 1847 quod
412 1768 512 1830 minus
534 1766 696 1840 inuenerit,
720 1767 779 1826 deo
796 1767 854 1828 sibi
868 1768 1039 1846 inspirante
1056 1767 1186 1829 adicerit.

93 1871 168 1931 Post
188 1868 250 1929 hoc
273 1870 355 1930 enirn
370 1869 616 1950 gloriosissimus
639 1869 793 1948 grimoald
816 1888 881 1941 rex,
905 1889 988 1949 quae
1009 1870 1052 1930 illi
1075 1888 1186 1930 secun-

94 1971 169 2032 dum
201 1973 260 2031 deo
288 1970 402 2051 placita
430 1971 570 2043 fuerunt,
608 1969 717 2032 minuit
747 1979 777 2030 et
808 1971 984 2050 ampliauit3
1019 1971 1107 2032 cuius
1135 1990 1186 2031 nos

93 2092 237 2135 normam
264 2081 453 2152 sequentes,
487 2072 633 2134 diuinitus
668 2081 700 2135 ut
729 2073 882 2135 credimus
910 2072 1070 2152 inspirati,
1104 2070 1189 2134 simili

94 2175 190 2235 modo
217 2193 255 2235 ea
282 2194 364 2254 quae
393 2175 480 2236 iuxta
508 2175 557 2235 dei
587 2172 689 2254 legem
723 2175 812 2237 nobis
844 2193 982 2253 congrua
1011 2180 1188 2254 paruerunt,

92 2275 279 2338 subtrahere
310 2285 341 2338 et
373 2277 489 2337 addere
518 2276 739 2356 preuidemus,
773 2277 852 2338 siout
884 2284 915 2337 et
945 2276 976 2335 in
1013 2284 1189 2355 presentem

93 2376 239 2457 paginam
262 2378 399 2439 scriuere
419 2378 596 2441 iusssimus.

180 2479 227 2541 Ob
256 2479 317 2541 hoc
345 2498 402 2558 ego
424 2479 463 2539 ·in
491 2480 540 2539 dei
573 2480 699 2540 nomine
727 2479 884 2558 liutprand
915 2479 1189 2542 excellentissimos

93 2579 281 2642 christianus
303 2580 570 2661 langobardorum
593 2600 664 2655 rex,
694 2600 776 2642 anno
805 2581 865 2640 deo
893 2589 1077 2661 protegente
1108 2581 1192 2662 regni

94 2681 156 2742 mei
182 2682 299 2760 primo,
329 2683 448 2761 pridiae
474 2684 679 2744 kalendarum
702 2682 906 2754 martiarum,
934 2681 1101 2743 indictione
1130 2703 1192 2743 un-

91 2782 222 2853 decima,
246 2801 308 2843 una
331 2802 401 2845 cum
424 2785 567 2846 omnibus
590 2784 741 2845 iudicibus
764 2793 828 2844 tam
844 2784 883 2844 de
899 2783 1038 2847 austriae
1060 2791 1091 2844 et
1111 2804 1191 2845 neu-

93 2883 188 2946 striae
200 2884 352 2965 partibus,
368 2904 488 2945 necnon
511 2892 542 2945 et
564 2867 602 2945 de
625 2885 742 2946 tusciae
763 2884 888 2955 finibus,
911 2885 962 2946 uel
977 2904 1048 2945 cum
1064 2885 1190 2966 reliquis

92 2985 245 3047 fedelibus
268 2986 344 3049 meis
367 2986 568 3067 langobardis
592 2996 623 3049 et
645 2996 759 3049 cuncto
775 2987 894 3066 populo
911 2987 1091 3060 adsistente,
1113 2987 1192 3049 haec

92 3087 183 3149 nobis
207 3106 372 3149 commune
394 3088 538 3160 consilio,
566 3089 653 3150 iuxta
675 3092 716 3150 ob
740 3089 789 3149 dei
811 3088 922 3149 timore
945 3096 1061 3168 atquae
1083 3107 1191 3149 amore

19 3222 22 3228 .
91 3208 131 3250 ac
153 3199 261 3252 sancta
284 3199 517 3269 conparuerunt
539 3198 569 3252 et
591 3190 784 3271 placuerunt.
802 3211 805 3216 ·

177 3292 314 3351 Primum
336 3291 476 3354 omnium
499 3292 538 3352 de
560 3291 790 3353 successionem
812 3290 958 3357 filiarum.

180 3396 207 3458 1.
229 3394 253 3458 1.
297 3393 329 3454 Si
351 3394 421 3474 quis
443 3393 654 3473 langobardus
678 3393 744 3455 sine
759 3391 829 3454 filiis
846 3393 1022 3455 masculinis
1038 3392 1191 3473 legetimis

93 3499 234 3557 mortuos
250 3495 353 3570 fuerit,
376 3502 407 3555 et
421 3493 501 3556 filias
518 3495 727 3574 dereliquerit,
749 3494 836 3572 ipsae
860 3494 887 3554 ei
905 3494 936 3554 in
952 3513 1079 3555 omnem
1094 3493 1194 3554 here-

93 3595 222 3657 ditatem
244 3596 341 3675 patris
364 3596 415 3657 uel
438 3596 546 3658 matris
570 3615 659 3670 suae,
686 3605 846 3675 tamquam
869 3595 923 3656 filii
945 3594 1080 3676 legetimi
1103 3615 1194 3657 mas-

92 3696 197 3769 colini,
219 3696 344 3759 heredis
367 3699 544 3762 succedant.

178 3801 207 3862 2.
230 3797 268 3864 Π.
311 3798 343 3858 Si
366 3800 433 3879 quis
456 3800 667 3880 langobardus
690 3818 724 3859 se
745 3799 870 3861 uiuente
891 3798 972 3860 filias
996 3817 1070 3862 suas
1093 3807 1192 3879 nupto

92 3900 280 3973 tradederit,
308 3908 339 3963 et
361 3901 438 3963 alias
460 3901 540 3963 filias
570 3901 601 3961 in
629 3900 741 3980 capillo
764 3901 795 3960 in
819 3920 891 3962 casa
914 3900 1090 3981 reliquerit,
1121 3909 1194 3962 tunc

92 4021 205 4068 omnes
228 4003 401 4081 aequaliter
422 4003 451 4064 in
476 4004 542 4066 eius
566 4002 740 4065 substantia
755 4001 880 4064 heredis
903 4002 1081 4078 succedant,
1106 4008 1194 4063 tam-

92 4123 190 4184 quam
210 4102 267 4164 filii
288 4105 460 4191 masculini.

94 4242 117 4316 ¹)
132 4244 287 4314 dlleqantur
307 4246 433 4300 Proceri.
452 4243 497 4316 21,
521 4245 544 4300 l.
584 4246 643 4300 dol.
667 4243 709 4315 12,
732 4243 775 4298 1'5.
812 4246 928 4300 locotus
951 4243 973 4314 l,
996 4243 1039 4296 17.
