2574 4710
135 333 176 395 to
351 326 518 389 EDICTVS
540 325 719 389 ROTHARI
741 325 823 392 CAP.
848 328 1022 394 190-194.

137 523 297 597 conponat
323 512 503 596 parentibus
527 511 679 584 mulieris,
706 510 756 571 uel
779 511 819 572 ad
843 530 936 591 quem
964 511 1109 572 mundius
1137 511 1237 572 deca

136 616 343 700 pertenuerit,
376 614 506 696 anagrip
530 614 649 676 solidos
677 611 797 692 uiginti,
827 623 858 675 et
887 621 1016 694 propter
1041 613 1131 674 faida
1159 612 1237 673 alius

138 718 251 800 uiginti,
274 726 305 778 et
327 716 489 776 mundium
510 716 586 792 eius,
610 715 743 795 qualiter
764 715 893 790 steterit,
922 715 1027 782 faciat.
1079 715 1237 807 Sponsum

137 828 259 892 autem,
289 819 373 880 cuius
403 825 587 898 spunsatam
613 817 685 892 fuit,
714 816 820 878 omnia
842 835 923 897 quae
949 817 981 877 in
1015 824 1100 878 meta
1124 816 1237 878 dictum

137 922 208 994 fuit,
232 920 359 1001 quando
390 937 461 978 eam
491 919 669 999 sponsauit,
696 918 728 978 iu
758 917 886 978 dublum
914 917 941 978 ei
971 925 1171 998 conponatur
1196 919 1236 978 au

136 1024 207 1095 illo,
236 1023 287 1102 qui
310 1022 338 1082 ei
361 1021 574 1099 desponsata
604 1039 661 1081 sua
683 1028 774 1101 turpe
797 1020 885 1094 fecit3
915 1029 947 1081 et
967 1029 1079 1100 postea
1102 1038 1234 1100 spunsus

138 1133 212 1205 post
234 1132 363 1206 accepta
386 1121 471 1182 dubli
493 1121 717 1202 conpositionis
740 1111 852 1202 Poena
865 1122 904 1184 sit
926 1122 984 1184 sibi
1006 1129 1191 1196 contemtus,
1206 1128 1238 1182 et.

140 1227 274 1307 amplius
303 1244 342 1285 er
370 1222 431 1284 hac
458 1242 554 1285 causa
584 1224 736 1284 aduersus
764 1221 958 1286 fideiussoris
988 1223 1147 1285 calomnia
1174 1242 1236 1284 non

140 1329 327 1410 requiratur.
848 1340 851 1342 ’

226 1431 295 1494 191.
338 1429 385 1487 De
406 1433 499 1507 rapto
523 1434 694 1506 spunsatue
717 1426 853 1490 alterius.
890 1426 920 1488 Si
943 1426 1010 1507 quis
1026 1426 1166 1506 puellam
1186 1434 1237 1488 aut

140 1531 266 1592 uiduam
288 1536 440 1609 spunsatu
463 1526 589 1588 alterius
612 1529 766 1609 rapuerit,
796 1529 836 1590 sit
858 1527 1027 1607 culpabiles
1056 1529 1233 1608 parentibus

139 1632 257 1714 puelle,
287 1639 341 1693 aut
368 1629 407 1690 ad
437 1647 529 1707 quem
556 1630 699 1692 mundius
727 1631 765 1690 de
793 1649 831 1690 ea
857 1629 991 1710 pertenit
1018 1629 1099 1695 sold.
1122 1630 1240 1692 nonin-

140 1740 259 1815 gentos,
283 1732 480 1792 medietatem
502 1730 568 1810 regi
589 1737 619 1791 et
641 1731 838 1793 medietatem
852 1731 1032 1812 parentibus
1054 1732 1188 1811 puellae,
1207 1731 1237 1791 id

140 1843 188 1898 est
209 1834 292 1916 patri
314 1841 368 1895 aut
389 1831 495 1906 fratri,
518 1839 573 1893 aut
589 1833 640 1911 qui
662 1832 794 1914 proximi
816 1842 903 1909 suut;
927 1841 957 1895 et
980 1832 1141 1893 mundium
1162 1833 1242 1904 eius,

140 1937 166 1998 si
189 1935 378 2007 conuenerit,
400 1933 503 1996 faciat.
537 1933 661 2012 Spunso
684 1942 798 2009 autem,
820 1935 851 1995 in
868 1934 953 1996 cuius
969 1942 1059 2014 turpe
1082 1943 1137 1995 aut
1152 1934 1238 1994 deri-

141 2037 270 2100 siculum
293 2036 368 2116 egit,
392 2043 551 2115 conponat
573 2035 668 2114 dupla
692 2044 789 2109 meta,
819 2045 969 2116 quantum
992 2035 1107 2096 dictum
1135 2043 1184 2097 est
1208 2036 1241 2097 in

142 2139 212 2202 diae
233 2138 296 2211 illa,
321 2137 448 2217 quando
471 2136 579 2197 fabola
601 2135 727 2198 firmata
749 2138 869 2212 fuerat3
892 2147 924 2199 et
950 2136 1083 2217 amplius
1105 2136 1244 2197 fideius-

142 2240 206 2303 sori
228 2248 282 2301 aut
303 2238 425 2318 raptori
447 2239 486 2298 ab
508 2237 579 2318 ipso
600 2258 718 2319 spunso
735 2239 889 2300 calumnia
906 2255 971 2300 non
986 2247 1161 2319 generetur,
1184 2239 1240 2300 scd

142 2343 181 2404 sit
203 2341 260 2403 sibi
282 2347 479 2420 contemptus
501 2339 532 2399 in
554 2339 624 2419 ipsa
646 2340 740 2400 dubla
763 2341 996 2421 conpositiones
1021 2360 1135 2420 poena.

229 2445 297 2506 192.
342 2441 373 2500 Si
396 2449 541 2520 parentes
565 2440 603 2500 de
627 2441 729 2522 puella
757 2463 875 2523 sponsa
904 2463 973 2502 cum
1001 2442 1064 2503 alio
1092 2441 1241 2504 conludio

142 2542 280 2603 fecerint.
320 2541 351 2602 Si
375 2550 464 2623 pater
486 2541 583 2603 filiam
613 2561 703 2604 suam
726 2551 781 2605 aut
807 2543 905 2605 frater
935 2563 1045 2606 sorore
1068 2551 1124 2607 aut
1146 2544 1243 2625 aliqui

144 2663 183 2704 ex
206 2642 387 2723 parentibus
410 2641 548 2723 puellam
578 2643 629 2705 alii
658 2645 877 2723 spunsauerint
899 2655 929 2707 et
952 2653 1061 2725 postea
1085 2665 1156 2706 cum
1180 2645 1243 2708 alio

145 2753 295 2806 extraneo
317 2752 385 2806 arte
408 2743 586 2804 conludium
609 2743 745 2818 ficerint,
777 2755 831 2809 aut
859 2748 1002 2808 fraudem
1025 2748 1245 2810 consenserint

145 2864 214 2906 eum
236 2845 299 2918 illo,
323 2845 375 2925 qui
398 2863 469 2905 eam
494 2853 548 2906 aut
573 2846 723 2927 uiolenter
745 2856 798 2910 aut
819 2848 889 2929 ipsa
912 2849 1125 2911 consentiente
1148 2850 1245 2911 ducat

145 2966 289 3009 uxorem:
317 2955 390 3008 tunc
418 2945 478 3026 ipsi
508 2956 672 3026 parentes,
710 2950 762 3030 qui
789 2949 882 3013 huius
912 2951 1091 3012 conludium
1119 2952 1243 3014 fraudis

145 3047 372 3120 consenserint,
396 3057 576 3155 conponant
605 3071 724 3130 spuuso
747 3052 800 3132 qui
822 3071 892 3113 eam
914 3061 1099 3134 sponsatam
1120 3052 1243 3127 habuit,

144 3150 235 3214 simili
258 3169 360 3231 poena
382 3159 416 3213 ut
437 3148 534 3232 supra
554 3153 585 3213 in
608 3153 703 3234 dupla
727 3162 809 3215 meta
833 3174 914 3233 quae
936 3163 1008 3216 tunc
1030 3156 1111 3216 dicta
1138 3156 1245 3219 fuerat

143 3253 175 3313 in
197 3253 268 3314 diae
289 3251 537 3346 spunsaliorum,
566 3264 598 3316 et
621 3264 730 3334 postea
760 3276 894 3336 spunsus
924 3258 1056 3339 amplius
1087 3258 1242 3371 aduersus

146 3372 200 3416 eos
223 3361 277 3416 aut
298 3352 482 3416 fidiiussoris
506 3355 661 3418 calumnia
683 3377 745 3418 uon
767 3359 954 3438 requiratur.

232 3457 299 3522 193.
344 3455 375 3516 Si
397 3455 501 3535 puella
529 3457 627 3519 libera
657 3478 783 3520 seruum
812 3459 947 3520 alienum
974 3461 1050 3523 loris
1078 3461 1241 3541 prouincia

104 3582 109 3591 ¹
145 3567 251 3620 secuta
267 3556 368 3629 fuerit,
391 3558 551 3637 requirant
572 3578 626 3622 eos
650 3561 768 3640 pariter
782 3560 925 3623 domiuus
947 3562 1032 3623 serui
1047 3571 1079 3623 et
1093 3571 1241 3643 parentes

145 3657 285 3738 puellae:
308 3659 334 3720 si
356 3676 411 3720 eos
432 3660 615 3732 inuenerint,
639 3657 732 3722 ambo
748 3680 885 3742 poenam
907 3663 993 3726 iuxta
1014 3664 1116 3744 legem
1132 3671 1243 3726 suste-

144 3768 248 3823 neant.
304 3758 383 3821 Nam
414 3761 505 3842 culpa
536 3763 576 3824 ad
607 3763 753 3836 domino,
784 3764 869 3826 cuius
900 3783 1010 3827 seruus
1037 3766 1145 3840 fuerit,
1177 3785 1241 3836 non

144 3862 329 3942 requiratur.

233 3966 301 4029 194.
346 3964 376 4024 Si
399 3966 466 4046 quis
488 3984 558 4027 cum
574 3966 686 4028 ancilla
707 3967 820 4047 gentile
842 3969 1012 4033 fornicatus
1035 3970 1136 4041 luerit,
1160 3988 1242 4030 con-

146 4074 245 4144 ponat
267 4066 395 4129 domino
425 4068 489 4130 eius
512 4068 631 4131 solidos
654 4068 776 4149 uiginti3
806 4070 924 4143 sicum
951 4090 1085 4132 romana
1115 4071 1239 4147 ancilla,

36 4201 39 4207 ,
146 4176 306 4248 conponat
327 4168 407 4233 sold.
431 4169 605 4237 duodicem.
