2574 4710
244 185 626 248 LlVTPRANDlLEGES
647 185 742 246 ANNI
764 188 800 250 V.
824 182 905 249 CAP.
928 186 1041 250 9-12.
1147 186 1188 252 89

91 389 148 452 per
171 354 404 434 sacramentum
433 371 626 433 satisfaciant
657 369 794 453 princepi
823 380 877 433 aut
907 391 925 432 a
954 373 1083 436 missom
1113 375 1187 450 eius,

90 479 125 534 ut
145 472 217 554 ipsa
239 473 356 536 ueritas
377 492 443 534 non
467 473 656 537 obfuscetur.
687 472 718 534 Si
741 471 866 552 quidem
888 492 944 553 per
965 475 1081 537 uuadia
1104 476 1189 538 obli-

90 573 172 635 catio
193 573 277 636 facta
299 575 406 649 fuerit,
436 575 615 638 3113133113
642 594 700 654 pro
726 574 902 637 1133133311
924 577 1074 650 excitata,
1096 578 1126 638 in
1150 597 1188 641 eo

90 676 204 738 iudicio
227 686 370 751 maneat,
400 666 478 740 sicut
499 677 530 736 in
554 675 702 738 anteriori
726 676 827 738 edicto
849 677 978 757 legitur,
1006 679 1091 757 qnod
1114 680 1188 760 glo-

90 777 266 841 riosissimo
288 779 409 842 rothari
432 779 512 864 ]333.
536 780 612 844 360.
627 829 633 842 .
648 780 734 843 1162.
756 778 828 863 366]
852 798 907 838 rex
928 779 1068 841 instituit.
1178 798 1190 817 ⁰

92 884 95 888 ’
176 885 206 948 9.
229 879 280 942 111.
323 880 369 942 De
383 881 512 944 libertis.
558 880 588 940 Si
612 881 680 960 quis
703 898 829 943 seruum
852 901 943 942 suum
967 890 1020 944 aut
1043 882 1188 944 ancillam

90 984 122 1044 in
149 1002 280 1045 manum
306 983 388 1064 regis
419 983 551 1055 dederit,
582 992 612 1045 31
641 983 708 1062 1333
735 983 877 1062 33133333
909 1003 964 1044 333
992 1002 1049 1063 333
1077 1004 1187 1048 33333

91 1086 264 1149 sacerdotis
287 1085 367 1146 circa
389 1104 512 1147 sacrum
529 1084 661 1146 altarem
681 1083 799 1146 liberos
817 1085 975 1158 dimiserit,
998 1088 1042 1148 sic
1058 1106 1188 1170 perma-

91 1198 187 1251 neant
216 1187 320 1261 liberi,
353 1189 432 1249 sicut
458 1187 501 1248 illi
527 1187 579 1266 qui
605 1185 746 1248 fulcfreal
773 1185 904 1268 thingati
931 1198 1011 1251 sunt.
1069 1189 1108 1252 Et
1136 1192 1187 1272 qui

93 1291 310 1376 mundiumde
323 1290 392 1367 ipsa
407 1289 506 1350 libera
522 1307 540 1349 a
555 1289 696 1369 principe
712 1289 882 1368 expetierit,
907 1290 950 1351 sic
970 1309 1039 1351 eum
1060 1292 1187 1370 habeat,

96 1394 172 1457 siout
194 1393 235 1453 do
256 1392 399 1453 fulcfreal
419 1390 563 1452 muliere:
593 1410 667 1452 narn
690 1390 824 1471 amplius
847 1392 874 1451 ei
896 1392 981 1453 nulla
1010 1396 1188 1458 conditione

94 1496 224 1567 debeat,
246 1512 348 1574 neque
375 1495 443 1574 ipsa
466 1511 568 1572 neque
589 1490 654 1553 filia
678 1491 753 1554 eius.
802 1492 840 1553 Et
861 1493 923 1554 hoc
945 1496 1127 1570 statuimus,
1156 1507 1189 1561 ut

93 1596 224 1660 masculi
253 1597 305 1676 qui
332 1596 370 1678 de
397 1595 467 1674 ipsa
497 1594 595 1655 libera
621 1594 687 1656 3311
713 1594 850 1667 1333331,
880 1598 1000 1676 absque
1028 1601 1188 1663 mundium

92 1700 166 1772 sint,
187 1698 304 1786 femine
320 1706 424 1759 autem
439 1696 578 1758 habeant
599 1696 770 1768 mundium,
794 1697 872 1758 sicot
894 1707 924 1759 31
947 1710 1047 1763 33133
1069 1718 1187 1778 33333,

93 1802 215 1883 etipse
237 1799 379 1860 mundius
403 1819 466 1859 non
489 1799 528 1860 sit
550 1797 681 1877 amplius
705 1817 799 1877 quam
821 1798 938 1876 solidos
962 1810 1035 1868 tres.

180 1900 316 1968 10.1111.
360 1899 440 1962 ltem
467 1901 506 1960 de
532 1900 659 1962 libertis.
711 1901 741 1961 Si
764 1899 832 1980 quis
862 1920 988 1962 333333
1017 1922 1108 1965 suum
1136 1914 1190 1968 aut

94 2003 239 2066 ancillam
254 2003 384 2064 liberum
402 2002 561 2073 dimiserit,
584 2010 615 2063 31
635 2001 776 2082 posuerit
791 2002 818 2061 ei
833 2002 1001 2080 mundium,
1026 2015 1078 2067 331
1095 2022 1189 2067 unum

96 2106 231 2170 solidum
254 2113 307 2167 aut
330 2105 392 2166 duo
416 2112 470 2166 aut
490 2114 554 2167 tres
578 2112 631 2166 aut
651 2123 717 2175 sex,
739 2113 859 2165 tantum
881 2103 999 2167 haheat
1019 2107 1189 2186 mundium,

100 2217 247 2288 quantum
271 2207 299 2267 ei
320 2207 351 2266 in
374 2206 493 2268 cartola
509 2205 662 2271 adfixerit.
693 2206 732 2267 Et
747 2205 798 2285 qui
814 2214 925 2284 333133
942 2226 979 2267 ex
994 2208 1063 2288 ipsa
1078 2209 1189 2272 liberta

95 2312 159 2371 nati
182 2309 315 2380 fuerent,
338 2310 404 2371 sibe
427 2307 556 2371 masculi
580 2306 645 2369 sibe
666 2306 789 2379 femine,
812 2326 875 2368 non
898 2308 1038 2372 habeant
1056 2312 1189 2392 amplius

95 2410 258 2472 mundium
280 2409 338 2471 nisi
361 2420 511 2490 quantum
534 2418 565 2470 et
586 2417 686 2470 mater
708 2428 826 2474 earum.

182 2514 230 2579 11.
254 2515 290 2577 V.
333 2510 380 2571 De
407 2530 500 2573 seruo
522 2511 642 2592 fugace.
695 2510 725 2572 Si
753 2528 862 2573 seruus
890 2512 1018 2575 durnin
1046 2514 1120 2596 fuga
1143 2523 1191 2579 331

92 2616 211 2677 furtum
233 2610 351 2686 1333311,
374 2614 494 2693 etipsa
516 2613 590 2694 fuga
604 2613 680 2676 foris
695 2613 858 2692 prouincia
880 2615 996 2687 exierit,
1019 2617 1064 2679 sic
1079 2618 1192 2680 exinde

94 2717 249 2799 procedat
269 2715 425 2790 iudicium,
448 2714 526 2777 sicut
548 2715 685 2795 gloriose
707 2715 857 2775 3333313
879 2717 1000 2778 rothari
1023 2718 1103 2802 [cop.
1116 2720 1190 2805 256]

94 2838 152 2881 rex
173 2819 312 2881 instituit.
361 2817 400 2878 Et
427 2816 453 2879 si
480 2817 548 2896 ipse
575 2836 684 2879 seruus
713 2818 794 2879 intra
823 2818 983 2897 prouincia
1005 2820 1190 2896 dilatauerit‚

93 2930 170 2983 tunc
193 2919 337 2981 doninus
360 2919 425 2980 eius
448 2918 565 2980 haheat
587 2919 721 2998 spatium
744 2918 783 2978 ad
806 2937 877 2978 eum
898 2920 1119 2999 requirendum
1135 2943 1192 3002 333

95 3021 206 3085 313313
221 3030 304 3095 1333;
328 3028 358 3082 31
380 3019 405 3082 31
428 3038 498 3080 333
520 3019 683 3091 inuenerit,
707 3026 844 3080 autnon
866 3019 1027 3095 inuenerit,
1051 3031 1081 3084 31
1096 3043 1190 3087 33333

93 3124 170 3186 13311
193 3123 401 3184 mancfestata
422 3122 530 3194 fuerit,
563 3121 647 3201 qood
676 3121 776 3182 isdem
808 3138 917 3183 seruus
944 3123 1060 3184 furtum
1089 3126 1192 3204 ipsum

93 3226 222 3298 fecissit,
244 3233 318 3286 tnnc
341 3222 484 3286 dominus
507 3223 572 3285 eius
595 3231 752 3302 conponat
772 3223 887 3284 furtum
909 3223 1019 3303 ipsum,
1043 3225 1121 3287 sicut
1141 3224 1193 3287 lex

95 3335 153 3393 331.
185 3320 226 3389 Et
241 3327 266 3389 si
281 3325 428 3388 forsitans
443 3326 633 3387 mancfestos
651 3343 715 3385 non
729 3325 830 3397 133311,
847 3332 878 3386 31
892 3325 1037 3387 dominus
1054 3327 1193 3389 eiusdem

95 3429 180 3493 serui
209 3427 377 3501 uetauerit,
406 3427 490 3507 quod
511 3428 613 3507 ipsum
634 3424 748 3487 1331333
770 3446 832 3488 333
848 3426 964 3489 fecissit
985 3445 1094 3491 seruus
1117 3429 1192 3504 3133,

94 3540 170 3593 1333
183 3547 242 3611 333
255 3546 394 3611 pugnam
410 3536 463 3590 aut
474 3547 530 3610 per
541 3536 770 3591 sacramentum
787 3548 821 3591 33
837 3526 991 3601 defendat,
1007 3530 1033 3591 si
1047 3531 1194 3610 potuerit.

184 3632 233 3699 12.
255 3631 307 3697 Vl.
349 3630 397 3692 De
418 3630 521 3712 puella
537 3648 617 3711 quae
631 3630 712 3693 intra
727 3638 842 3693 etatem
864 3637 920 3693 est.
959 3630 990 3691 Si
1006 3631 1073 3711 quis
1088 3630 1194 3711 puella

97 3743 172 3798 ante
195 3733 360 3797 duodecim
390 3750 489 3795 annos
520 3732 718 3813 spunsauerit
746 3739 798 3794 aut
826 3731 943 3808 tolerit,
973 3732 1119 3795 13331113
1141 3734 1194 3814 qui

97 3854 169 3899 333
192 3836 261 3899 tolit
283 3844 336 3899 331
358 3836 532 3916 3333333311,
561 3842 719 3916 33333331
746 3834 824 3896 31331
853 3834 986 3895 edictum
1009 3835 1048 3895 de
1068 3842 1193 3915 raptum

97 3939 183 4027 [cop.
208 3940 277 4006 186.
302 3936 373 4022 187]
396 3938 540 4011 contenit,
562 3937 625 3998 hcc
647 3944 694 3999 331
708 3932 801 3998 solidi
814 3936 973 4016 nongenti,
996 3936 1193 3998 medietatem

95 4042 163 4124 regi
191 4050 222 4104 31
249 4040 449 4104 medietatem
478 4039 580 4102 eidem
606 4038 773 4112 infantula,
803 4046 832 4099 31
863 4037 932 4118 1333
960 4046 1137 4100 3333313133
1162 4038 1194 4098 13
