2574 4710
311 352 476 417 EDICTVS
498 354 677 418 ROTHARI
699 356 780 423 CAP.
807 359 981 424 tra-182.
1146 366 1201 429 ,37

89 547 210 602 exacta
232 539 334 613 fuerit,
354 539 394 602 sit
415 539 446 600 in
467 548 656 620 potestatem
677 542 799 622 puellae
815 554 868 605 aut
884 545 1028 620 mulieris,
1051 565 1089 609 eo
1111 548 1197 628 quod

92 661 235 723 sponsus
257 642 339 703 intra
360 642 547 721 prefenitum
574 651 697 724 tempus
726 664 856 706 uxorem
884 666 1032 728 accepero
1054 650 1196 724 neclexit,

94 752 151 808 aut
173 745 201 807 si
223 743 420 806 uolontariae
443 743 592 817 dilatauit,
615 754 745 827 excepto
767 747 952 809 ineuitauelo
975 767 1081 812 causa.

170 849 256 914 tro.
301 847 332 908 Si
354 846 465 913 dixerit
486 866 619 934 sponsus
644 848 682 910 de
710 868 826 928 sponsa
853 870 926 924 sua,
955 853 1039 933 quod
1069 853 1200 915 adulte«

96 950 192 1013 rassit
218 960 388 1034 postquam
418 975 488 1019 eam
521 963 703 1036 spunsatam
736 952 861 1026 habuit,
889 953 988 1016 laceat
1014 957 1198 1034 parentibus

98 1079 168 1122 eam
191 1057 367 1141 pureficare
390 1080 459 1122 cum
483 1060 646 1121 duodicem
661 1056 893 1120 sacramentalis
916 1077 1005 1120 suos:
1029 1066 1101 1120 tunc
1123 1061 1196 1138 post

97 1163 273 1243 pureficata
288 1173 345 1236 est,
367 1163 498 1243 accipiat
520 1167 589 1224 eam
612 1181 760 1241 spunsam
783 1181 926 1242 sponsus,
950 1162 1028 1223 sicut
1049 1161 1079 1221 in
1100 1160 1196 1241 priori

96 1267 204 1327 fabola
226 1266 363 1331 stetissit.
395 1265 434 1327 Et
456 1266 481 1327 si
503 1275 673 1345 postquam
689 1263 862 1344 pureficata
877 1266 978 1340 luerit,
1002 1285 1071 1326 eam
1086 1264 1197 1327 tollere

97 1386 231 1428 uxorem
252 1367 430 1440 neclexerit,
453 1367 492 1429 sit
515 1367 683 1446 culpabiles
706 1387 840 1446 spuusus
859 1367 952 1427 dubla
975 1377 1067 1440 mota,
1091 1386 1197 1447 quan-

97 1478 164 1530 tum
188 1469 304 1531 dictum
332 1479 379 1532 est
400 1471 431 1529 in
455 1470 525 1530 diae
545 1469 615 1541 illa,
645 1469 770 1548 quaudo
798 1468 904 1529 fabola
931 1468 1056 1556 firmata
1083 1470 1197 1531 fuerat.

97 1570 140 1632 Et
160 1571 185 1632 si
205 1579 368 1650 parentes,
395 1579 430 1632 ut
452 1571 566 1632 dictum
589 1580 650 1646 est,
681 1589 751 1630 eam
780 1570 931 1632 mundare
953 1591 1015 1632 nou
1038 1572 1196 1651 potuerint

100 1671 141 1732 de
162 1655 384 1750 ipso’crimen,
410 1681 483 1734 tunc
505 1693 639 1752 spuusus
667 1672 804 1752 recepiat
825 1692 875 1734 res
903 1693 976 1735 suas
1000 1694 1078 1753 quas
1102 1675 1195 1746 dedit,

96 1781 129 1833 et
150 1773 202 1834 illa
224 1774 362 1853 patiatur
383 1774 643 1854 penaadultorii,
673 1773 752 1835 sicut
771 1773 802 1833 in
825 1774 886 1836 boc
915 1774 1047 1836 edictum
1076 1776 1196 1837 cousti-

95 1882 198 1936 tutum
221 1884 270 1937 est
292 1875 371 1960 pap.
393 1875 582 1960 att-213}
1128 1863 1131 1869 ’

185 1977 254 2042 180.
299 1977 330 2037 Si
352 1978 455 2057 puella
478 1985 630 2057 sponsata
652 1977 777 2038 lebrosa
800 1978 989 2056 apparuerit.
1039 1978 1070 2039 Si
1092 1980 1196 2040 couti-

94 2078 185 2157 gerit,
208 2086 378 2159 postquam
393 2080 497 2160 puella
513 2089 567 2141 aut
582 2080 692 2140 mulier
713 2087 863 2158 sponsata
878 2079 978 2150 fuerit,
994 2079 1120 2141 lebrosa
1143 2089 1197 2142 aut

94 2180 282 2242 demoniaca
306 2191 359 2242 aut
386 2181 425 2241 de
452 2184 561 2244 ambos
596 2182 702 2243 oculos
732 2187 877 2241 excecata
900 2181 1094 2260 apparuerit,
1124 2190 1197 2242 tunc

97 2302 233 2361 sponsus
257 2283 393 2362 recepiat
414 2303 464 2344 res
488 2303 576 2357 suas,
606 2292 635 2344 et
658 2303 720 2343 nou
743 2280 936 2360 conpellatur
957 2281 1058 2359 ipsam
1079 2282 1195 2345 inuitus

99 2383 208 2444 tollere
230 2385 272 2446 ad
294 2404 434 2456 uxorem,
457 2404 515 2445 nee
536 2404 595 2464 pro
618 2385 787 2447 baccausa
803 2383 1018 2454 calomniator:
1043 2383 1194 2462 quianon

97 2504 158 2547 suo
185 2485 316 2547 neclieto
350 2486 479 2559 dimisit,
507 2487 562 2548 sed
589 2495 751 2567 peccatum
779 2485 932 2545 eminente
967 2493 998 2546 et
1024 2485 1196 2564 egritudine

94 2587 347 2667 superueniente.

184 2691 256 2754 181.
300 2691 346 2750 De
368 2690 493 2770 nuptiis.
542 2690 573 2749 Si
595 2698 685 2769 pater
707 2688 804 2749 filiam
831 2707 920 2749 suam
943 2696 997 2749 aut
1018 2688 1115 2750 frater
1137 2711 1197 2751 so-

95 2810 204 2852 rorem
232 2790 410 2871 legetimam
442 2791 491 2852 alii
522 2792 561 2854 ad
589 2792 733 2852 maritum
762 2790 894 2862 dederit,
924 2790 954 2851 in
981 2789 1043 2850 hoe
1069 2791 1127 2852 sibi
1156 2793 1196 2854 sit

96 2900 278 2972 contempta
302 2893 340 2952 de
362 2892 459 2971 patris
482 2893 532 2952 uel
554 2893 660 2954 matris
678 2892 860 2964 substantia,
885 2900 1034 2971 quantum
1058 2892 1085 2952 ei
1106 2900 1198 2971 pater

95 3001 152 3055 aut
172 2993 272 3055 frater
293 2994 324 3054 in
347 2994 417 3054 diae
441 2995 613 3075 traditionis
640 2995 818 3074 nuptiarum
846 2994 979 3055 dederit:
1011 2994 1196 3072 etamplius

95 3114 159 3157 nou
181 3095 331 3174 requirat.
541 3098 546 3104 ’

185 3198 255 3261 182.
297 3197 344 3255 De
367 3196 460 3258 uidua
483 3196 606 3276 qualem
628 3196 744 3258 lrabeat
765 3196 929 3258 licentiam.
954 3195 984 3254 Si
1008 3194 1076 3274 quis
1098 3193 1196 3255 filiam
1251 3221 1254 3225 ’

96 3316 189 3360 suam
212 3305 266 3359 aut
288 3298 457 3376 quamlibet
484 3306 646 3378 parentem
667 3297 698 3356 iu
730 3296 903 3376 coniugium
932 3295 981 3356 alii
1004 3295 1138 3366 dederit,
1165 3304 1196 3356 et

97 3399 270 3480 contegerit
292 3418 381 3461 casus
404 3409 437 3461 ut
457 3399 508 3459 ille
531 3398 658 3459 maritus
682 3397 847 3469 moriatur,
870 3403 1058 3475 potestatem
1080 3394 1200 3456 habeat

96 3501 149 3562 illa
164 3501 270 3572 uidua,
293 3499 320 3562 si
335 3501 477 3573 uoluerit,
501 3501 541 3561 ad
557 3501 618 3561 alio
635 3499 746 3559 marito
762 3497 949 3570 ambolaudi,
964 3496 1064 3556 libero
1080 3503 1196 3561 tamen.

98 3602 259 3663 Secundus
283 3610 388 3663 autem
411 3601 557 3677 maritus,
580 3601 631 3681 qui
658 3620 729 3662 eam
757 3599 866 3661 tollere
894 3598 1042 3678 disponit,
1070 3599 1109 3657 de
1131 3589 1195 3660 suis

99 3703 232 3783 propriis
249 3704 343 3764 rebus
360 3703 557 3764 medietatem
572 3703 672 3783 pretii,
696 3711 845 3782 quantum
860 3701 975 3761 dictum
998 3708 1054 3771 est,
1071 3699 1199 3780 quando

99 3823 168 3866 eam
189 3792 462 3885 primus'maritus
488 3805 662 3884 spunsauit,
691 3824 750 3884 pro
771 3805 840 3883 ipsa
863 3811 961 3879 meta,
985 3803 1061 3863 dare
1084 3802 1199 3863 debeat
1261 3798 1263 3802 ’

100 3904 135 3978 ei,
159 3907 212 3986 qui
235 3905 328 3967 heres
350 3905 510 3984 proximus
543 3906 645 3967 mariti
672 3906 783 3986 prioris
813 3923 882 3966 esse
902 3904 1066 3968 inuenitur.
1109 3904 1148 3964 Et
1170 3903 1198 3964 si

99 4008 233 4069 noluerit
248 4026 406 4087 accepere,
430 4007 546 4068 habeat
565 4008 635 4086 ipsa
651 4006 760 4066 mulier
782 4015 813 4068 et
835 4007 1043 4087 morganegab
1065 4013 1098 4074 et
1112 4005 1195 4084 quod

102 4108 139 4168 de
170 4118 318 4189 parentes
350 4107 493 4181 adduxit,
521 4109 553 4168 id
584 4117 632 4170 est
659 4107 809 4169 fadersro:
841 4116 987 4187 parentes
1021 4124 1096 4166 uero
1130 4105 1197 4166 eius

80 4219 289 4287 'potestatem
311 4211 448 4271 habeant
480 4229 550 4291 eam
575 4209 668 4270 dandi
692 4211 731 4270 ad
762 4210 856 4271 alium
879 4208 1036 4280 maritum,
1064 4208 1116 4266 ubi
1137 4206 1197 4285 ipsi
