2574 4710
285 342 452 431 nurcrvs
473 368 651 431 nuruum
673 367 754 432 cur.
777 370 955 434 auo-362.
1006 379 1008 383 ·
1134 371 1174 434 or

160 556 233 620 360.
276 555 324 615 De
352 555 465 616 uuadia
493 561 525 615 et
549 552 779 618 fideiussorem.
824 552 855 613 Si
884 552 952 632 quis
981 553 1032 614 alii
1061 553 1174 616 uuadia

85 663 110 716 et
128 655 349 718 fideiussorem
371 657 410 716 de
440 664 668 718 sacramentum
695 655 830 729 dederit,
860 674 918 735 per
939 656 1061 729 omnia,
1090 656 1175 736 quod

82 775 132 834 per
152 758 269 819 uuadia
285 758 441 839 obligauit,
465 758 631 837 adinpleat.
668 758 706 820 Et
726 758 787 833 ille,
810 759 862 837 qui
884 757 988 837 pulsat
1009 765 1040 819 et
1061 758 1175 819 uuadia

81 859 212 940 suscipit,
235 860 436 940 proximioris
452 860 687 923 sacramentalis
704 860 756 940 qui
776 860 936 922 nascendo
959 867 1039 933 sunt,
1062 860 1177 922 debeat

78 962 256 1022 nominare:
286 969 405 1024 tantum
428 970 475 1025 est
497 970 627 1043 excepto
649 962 735 1036 illos,
760 964 810 1043 qui
834 981 962 1044 grauem
983 962 1175 1023 inimicitiam

77 1082 144 1126 eum
164 1064 239 1144 ipso
268 1066 320 1144 qui
348 1064 467 1145 pulsat,
497 1065 697 1127 commissam
722 1065 832 1141 habet,
860 1065 891 1124 id
914 1070 961 1126 est
983 1064 1008 1125 si
1032 1064 1061 1123 ei
1081 1063 1175 1144 plaga

74 1165 159 1238 fecit,
189 1167 295 1227 autin
317 1174 451 1228 mortem
474 1167 646 1241 consensit,
674 1175 728 1229 aut
754 1186 805 1230 res
833 1185 906 1229 suas
936 1165 987 1227 alii
1013 1165 1175 1245 thingauit,

73 1267 142 1347 ipse
167 1288 232 1329 non
259 1275 364 1348 potest
392 1287 461 1331 esse
491 1270 747 1343 sacramentales,
777 1268 919 1350 quamuis
941 1269 1103 1348 proximus
1126 1267 1175 1339 sit,

73 1388 111 1431 eo
136 1371 221 1450 quod
243 1369 383 1432 inimicus
406 1378 459 1432 aut
480 1378 645 1434 extraneus
667 1371 820 1445 inuenitur
842 1389 921 1432 esse.

159 1511 232 1573 361.
277 1509 309 1569 si
332 1508 400 1589 quis
424 1509 474 1568 alii
495 1529 554 1588 pro
571 1528 766 1590 quacumque
789 1528 884 1571 causa
906 1508 1019 1568 uuadia
1040 1512 1071 1567 et
1090 1506 1176 1567 tide-

74 1610 228 1671 iussorem
259 1610 298 1670 de
328 1619 524 1672 sacramento
555 1612 689 1688 dederit,
720 1612 765 1672 dit
797 1611 824 1671 ei
856 1610 990 1691 spatium
1017 1609 1174 1689 usquein

75 1712 241 1773 duodecim
255 1715 356 1774 noctis
373 1713 413 1773 ad
435 1713 537 1793 ipsum
556 1721 785 1776 sacramentum
801 1713 956 1787 dandum;
979 1719 1010 1771 et
1025 1712 1050 1773 si
1065 1711 1174 1773 forsan

73 1820 205 1893 propter
227 1813 450 1893 aegritudinem
474 1822 527 1876 aut
549 1816 609 1877 alia
632 1836 726 1877 causa
749 1814 1018 1893 superuenientem
1042 1820 1073 1874 in
1096 1832 1176 1893 pre-

74 1915 190 1976 dictum
213 1915 411 1977 constitutum
438 1935 501 1976 non
529 1919 667 1995 potuerit
692 1919 812 1989 iurare,
842 1916 1050 1996 suspendatur
1080 1934 1175 1978 causa

73 2037 175 2097 usque
198 2017 239 2078 ad
262 2017 339 2078 alias
363 2018 527 2079 duodecim
548 2019 658 2084 noctis.
693 2021 732 2081 Et
754 2019 780 2081 si
801 2036 858 2077 nee
880 2025 952 2078 tunc
974 2017 1174 2096 conpleuerit,

73 2127 103 2180 et
125 2127 228 2180 totum
251 2138 365 2180 annum
393 2141 488 2181 unum
515 2121 710 2182 uolontariae
732 2118 909 2180 dilatauerit
934 2126 964 2179 et
989 2137 1176 2179 sacramen-

73 2230 140 2282 tum
161 2241 226 2282 non
249 2222 384 2299 dederit,
408 2230 480 2284 tunc
509 2241 577 2282 rem
598 2222 717 2301 ipsam,
749 2221 831 2281 unde
859 2220 973 2300 agitur,
1002 2219 1123 2281 amittat
1144 2225 1176 2280 et

73 2323 126 2385 ille
147 2323 307 2403 adquirat,
331 2324 383 2403 qui
404 2323 518 2385 uuadia
546 2324 689 2403 suscepit.
733 2323 771 2384 Et
794 2321 962 2383 contrario:
986 2321 1012 2382 si
1032 2320 1099 2395 ille,
1123 2320 1175 2400 qni

79 2425 188 2486 uuadia
211 2425 395 2505 susceperit,
425 2425 601 2487 dilatauerit
622 2432 852 2487 sacramentum
875 2423 984 2485 audire
1006 2429 1037 2482 et
1059 2441 1175 2483 annum

74 2535 173 2588 totum
206 2527 413 2606 protraxerit,
448 2534 522 2607 post
558 2526 707 2588 transacti
744 2528 816 2587 anni
859 2525 992 2605 spatium
1025 2524 1109 2586 nulla
1141 2524 1174 2585 in

74 2638 236 2708 posterum
256 2629 373 2691 habeat
395 2628 572 2690 facundiam
588 2629 628 2690 dc
649 2629 750 2708 ipsam
771 2649 838 2690 rem
860 2626 1024 2708 loquendi3
1048 2627 1104 2688 sed
1122 2625 1175 2687 ille

76 2731 127 2811 qui
148 2739 277 2811 paratus
300 2730 356 2791 fnit
378 2737 606 2792 sacramentnm
630 2733 715 2804 dare,
738 2730 869 2792 firmiter
890 2729 1070 2810 possedeat.

158 2871 231 2935 362.
274 2870 305 2930 Si
326 2876 399 2948 post
421 2877 651 2932 sacramentum
678 2869 845 2931 iudicatum
873 2867 983 2948 aliquis
1012 2867 1172 2933 moriatur.

75 2969 105 3031 si
128 2971 301 3051 contegerit
321 2970 440 3031 homini
462 2978 534 3049 post
557 2970 663 3031 datum
686 2970 904 3056 fideiussorem
926 2971 965 3030 de
988 2988 1175 3032 sacramen-

75 3081 136 3133 tum
166 3080 197 3133 et
232 3065 464 3135 sacramentalis
500 3072 676 3133 nominatius
708 3072 804 3148 mori,
837 3080 868 3133 et
895 3072 976 3134 filids
1005 3073 1173 3147 demiserit,

73 3182 248 3253 posteaque
269 3174 321 3235 ille
342 3176 394 3254 qui
416 3193 543 3237 causam
566 3172 700 3253 quaerit,
727 3173 898 3252 pulsauerit
918 3172 1000 3234 filius
1024 3173 1174 3234 dicendo:

75 3275 144 3354 quia
161 3275 307 3356 quicquid
329 3284 419 3356 pater
439 3295 497 3355 per
518 3275 633 3336 uuadia
656 3282 686 3334 et
707 3273 927 3336 fideiussorem
949 3275 1106 3354 obligauit,
1129 3274 1173 3334 fili

73 3376 220 3456 conplere
250 3378 381 3453 debent3
410 3386 482 3438 tunc
510 3395 638 3438 necesse
661 3384 709 3437 est
729 3374 828 3447 filiius,
859 3375 1000 3454 quamuis
1028 3376 1174 3436 uirtutem

73 3480 227 3539 minorem
260 3479 399 3540 habeant
427 3498 445 3540 a
474 3487 582 3559 patre,
621 3485 675 3538 aut
708 3497 765 3557 per
792 3484 1021 3539 sacramentum
1047 3494 1173 3556 negare,

73 3580 155 3660 quod
184 3586 276 3660 pater
304 3601 414 3643 eorum
441 3600 505 3642 non
534 3579 736 3660 promisissit,
767 3588 819 3640 aut
846 3586 943 3652 certe,
975 3579 1058 3658 quod
1083 3584 1175 3657 pater

73 3700 181 3743 eorum
221 3684 406 3762 spondedit,
451 3682 641 3762 adinpleant.
718 3682 758 3742 Et
797 3681 834 3743 si¹
860 3679 971 3760 aliquis
1011 3680 1050 3740 de
1085 3679 1173 3760 ipsos

73 3785 307 3847 sacramentalis
341 3794 480 3847 mortuus
514 3785 625 3857 fuerit,
668 3791 856 3864 potestatem
888 3783 1005 3844 habeat
1036 3781 1088 3842 illc
1122 3780 1174 3861 qui

73 3887 184 3965 pulsat,
207 3887 239 3946 in
260 3887 364 3948 locum
387 3887 501 3948 mortni
529 3886 623 3947 alium
653 3886 785 3948 similem
812 3885 976 3947 nominare
999 3884 1038 3944 de
1059 3884 1174 3963 proxi-

73 3991 140 4050 mus
162 3988 335 4069 legitimus,
359 3997 411 4050 aut
433 3990 472 4049 de
493 3993 601 4060 natum,
625 3995 679 4050 aut
700 3989 739 4049 de
761 3987 945 4068 gamahalos
967 3986 999 4046 id
1022 3994 1070 4047 est
1091 4003 1174 4046 con-

73 4089 238 4155 fabulatus.
274 4091 313 4151 Et
328 4091 354 4153 si
370 4091 480 4151 dixerit
495 4090 674 4171 quipulsat,
697 4091 781 4170 quod
804 4096 1031 4152 sacramentum
1047 4095 1173 4167 ruptum

73 4192 187 4265 fuissit,
222 4195 374 4272 praebeat
402 4198 631 4254 sacramentum
660 4192 711 4271 qui
740 4199 849 4272 negat,
887 4192 912 4254 si
942 4211 1035 4252 ausus
1065 4189 1173 4251 fuerit:

939 4311 978 4375 5,
