2574 4710
305 383 472 447 EDICTVS
493 383 671 446 no'rnnnl
694 384 777 450 etr.
800 387 976 452 too—265.
1154 392 1196 455 53

179 572 252 634 260.
296 568 328 631 si
350 567 418 650 quis
438 588 550 630 aurum
572 576 626 630 aut
647 569 742 631 uestis
766 588 821 630 seu
843 570 980 649 qualibet
1002 590 1068 632 rem
1091 572 1122 633 in
1144 564 1196 634 uia

89 671 259 742 inuenerit,
282 678 313 731 et
327 690 423 750 super
437 670 620 751 genuculum
635 671 794 742 leuauerit,
818 680 849 732 et
862 692 926 733 non
946 674 1198 736 manetestauerit

91 781 148 835 aut
171 773 211 834 ad
233 772 367 834 iudicem
389 792 452 834 non
475 773 649 845 adduxerit,
672 773 730 835 sibi
752 793 869 834 nouum
892 776 1012 841 reddat.

178 877 251 940 261.
296 874 327 936 Si
350 893 474 948 seruus,
502 876 576 936 dum
604 874 746 936 ancillam
777 875 910 938 alienam
937 877 1033 938 habet
1054 896 1195 952 uxorem,

92 978 210 1039 lurtum
237 976 358 1049 lecerit,
388 984 419 1038 et
445 976 589 1038 ancillam
611 984 642 1037 et
663 975 761 1048 filliis,
790 982 900 1040 seruus
931 979 1066 1050 alienos,
1090 981 1195 1040 notri-

93 1079 189 1151 uerit,
220 1097 345 1139 omnem
367 1077 499 1151 lurtum,
531 1079 615 1158 quod
637 1079 757 1150 lecerit,
788 1099 897 1141 seruus
920 1090 1092 1160 conponat3
1122 1098 1195 1142 nam

92 1181 171 1243 nihil
198 1188 359 1261 reputetur
386 1179 417 1240 in
446 1179 535 1259 culpa
568 1200 626 1241 nec
653 1181 686 1241 in
718 1182 958 1243 damnositatcm
987 1182 1117 1242 ancillae
1145 1183 1196 1244 uel

91 1282 167 1346 filiis
186 1283 265 1347 eius.
298 1283 429 1353 Tantum
452 1291 513 1355 est,
537 1283 563 1344 si
578 1283 687 1344 ancilla
710 1292 763 1344 aut
784 1282 839 1343 filii
862 1283 951 1344 sinml
967 1293 1139 1363 compatre
1155 1286 1195 1346 ad

93 1385 211 1448 lurtum
232 1384 407 1446 laciendum
430 1403 494 1445 non
517 1384 761 1460 ambolauerint;
784 1405 856 1446 nam
879 1386 905 1446 si
927 1386 1064 1458 fecerint,
1088 1385 1196 1448 similis

93 1486 138 1547 illi
161 1481 345 1552 efficiantur.

180 1591 252 1654 262.
297 1587 329 1648 Si
352 1605 476 1659 seruus,
505 1588 578 1648 dum
600 1588 632 1648 iu
658 1589 731 1668 fuga
761 1598 808 1650 est
836 1589 970 1669 positus,
999 1610 1050 1651 res
1074 1589 1194 1670 aliquas

97 1689 221 1752 cuilibet
241 1688 362 1750 homini
384 1689 663 1763 commendauerit,
685 1699 859 1770 posteaque
881 1691 1027 1771 proprius
1050 1691 1195 1754 dominus

94 1791 294 1872 requisiuerit
314 1810 383 1863 eas,
412 1799 443 1855 et
472 1790 522 1851 ille
551 1790 602 1871 qui
632 1792 767 1872 suscepit
796 1793 1009 1874 denegaucrit,
1033 1801 1063 1853 et
1083 1802 1195 1873 postea

92 1894 256 1956 inuentum
277 1893 380 1964 luerit,
402 1912 461 1972 pro
483 1892 598 1953 lurtum
620 1912 674 1954 eas
696 1895 816 1959 reddat.

180 1998 256 2061 263,
297 1995 329 2056 Si
349 1995 454 2074 plures
476 1994 619 2058 homines
645 1995 760 2056 furtum
781 1996 812 2055 in
835 2015 929 2055 unum
955 1996 1099 2067 fecerint,
1130 2004 1193 2057 tam

92 2096 185 2159 liberi
201 2117 295 2178 quam
318 2097 411 2170 serni,
434 2096 524 2158 liceat
546 2116 601 2158 eos
625 2096 651 2158 si
673 2096 836 2167 noluerint,
860 2116 894 2157 se
916 2096 1040 2158 insimul
1055 2098 1195 2158 adunare

94 2208 125 2262 et
154 2200 271 2262 lurtum
297 2199 399 2278 ipsum
428 2199 460 2258 in
486 2197 621 2278 eclogild
647 2198 788 2263 reddere.
841 2197 871 2258 Si
895 2198 962 2277 quis
991 2217 1024 2259 se
1054 2217 1092 2258 ex
1119 2198 1195 2278 ipsis

96 2301 258 2373 deuiderit,
279 2319 338 2381 pro
361 2320 396 2390 se
417 2307 536 2362 tantum
556 2299 675 2379 legibus
698 2307 865 2379 conponat,
886 2299 917 2359 id
941 2307 987 2386 est
1008 2301 1110 2379 ipsum
1124 2300 1196 2360 lur-

98 2410 162 2462 tum
183 2403 241 2465 sibi
264 2421 381 2463 nonum
405 2401 476 2487 [cfr.
498 2421 568 2481 cap.
593 2400 654 2485 12].

180 2507 253 2570 264.
299 2504 329 2565 Si
357 2504 436 2564 liber
463 2511 516 2565 aut
545 2521 654 2565 seruus
682 2503 766 2563 uellit
795 2502 871 2564 foris
897 2502 1058 2583 prouincia
1085 2501 1194 2581 fugire,

97 2614 127 2668 et
153 2605 248 2667 iudex
276 2612 329 2666 aut
356 2605 554 2684 quicumque,
584 2604 635 2684 qui
664 2604 695 2664 in
722 2604 835 2667 finibus
863 2604 1043 2685 prouinciae
1070 2603 1195 2675 resedit,

97 2727 167 2770 eum
189 2707 352 2788 praeserit,
374 2713 479 2768 teneat
501 2725 581 2778 enm,
605 2714 635 2766 et
655 2725 716 2779 res,
740 2727 817 2787 ques
831 2727 938 2769 secum
955 2706 1106 2778 detulerit,
1127 2705 1195 2767 sal-

97 2830 152 2872 uas
174 2809 286 2884 faciat3
309 2816 340 2869 et
361 2828 435 2869 mox
457 2809 584 2868 mandet
605 2809 645 2869 ad
666 2809 798 2869 iudicem
814 2810 853 2869 de
875 2809 977 2870 locum
999 2809 1081 2869 unde
1095 2807 1196 2887 fugire

98 2912 208 2992 coepit,
232 2910 375 2991 quatinus
398 2929 469 2970 eum
492 2909 629 2989 recipiat,
658 2917 689 2970 et
710 2911 753 2971 dit
775 2931 833 2990 pro
855 2932 918 2973 uno
941 2911 1050 2990 fugace
1074 2909 1195 2970 solidos

98 3013 173 3086 duo,
201 3013 245 3074 ita
267 3019 301 3074 nt
322 3031 391 3072 cnm
419 3013 512 3072 rebus
536 3031 613 3091 quas
642 3032 746 3074 secum
769 3013 925 3084 detulerit,
952 3012 1109 3075 reddatur.
1157 3012 1196 3072 Et

100 3115 123 3176 si
144 3113 317 3195 contegerit
339 3132 409 3173 enm
432 3114 471 3172 de
492 3112 634 3192 legumen
656 3114 771 3193 fugire,
794 3116 944 3193 praebeat
966 3121 1194 3176 sacramentum

47 3212 50 3245 ⁷
99 3215 146 3277 ille
170 3216 224 3296 qui
250 3235 321 3277 eum
343 3215 455 3285 tenuit,
485 3215 569 3294 quod
591 3235 654 3275 non
684 3224 753 3276 asto
783 3234 853 3274 cum
875 3215 1019 3287 laxassit,
1047 3215 1101 3275 sed
1125 3233 1194 3274 curn

47 3338 50 3411 f
100 3324 162 3380 tota
184 3318 328 3378 uirtutem
352 3317 508 3379 custodire
537 3315 697 3377 uoluissit:
729 3324 801 3395 post
829 3316 935 3376 datum
965 3322 1193 3376 sacramentum

47 3418 49 3465 ἷ
99 3436 146 3481 res
170 3439 249 3500 quas
277 3420 305 3480 ei
333 3419 414 3490 tulit,
442 3418 568 3490 reddat,
596 3437 726 3497 presure
756 3425 858 3477 autern
888 3436 952 3476 non
980 3424 1141 3495 queratur,
1165 3422 1195 3475 et

100 3521 229 3601 amplius
251 3540 315 3583 non
339 3519 551 3584 calumnietur.
587 3520 625 3579 Et
647 3519 671 3581 si
694 3519 788 3600 lugan
808 3519 860 3579 ille
887 3536 996 3579 manus
1020 3517 1060 3578 ad
1082 3517 1194 3596 legan-

100 3622 169 3683 dum
184 3642 249 3684 non
266 3623 395 3695 dederit,
418 3632 449 3683 et
469 3622 589 3684 occisus
612 3621 712 3694 fuerit,
735 3640 798 3681 non
821 3618 1004 3700 requiratur,
1027 3619 1086 3681 nisi
1108 3619 1194 3699 ipsas

100 3741 146 3786 res
161 3725 351 3800 reddantur3
374 3733 404 3785 et
419 3724 444 3786 si
459 3723 519 3796 ille,
543 3723 594 3804 qui
608 3723 711 3803 ipsum
726 3723 867 3803 fugacem
882 3721 1036 3801 prendere
1052 3721 1196 3794 uoluerit,

100 3828 136 3886 ab
157 3825 228 3906 ipso
251 3827 373 3890 occisus
395 3826 496 3898 luerit,
516 3844 575 3886 nec
595 3826 664 3905 ipse
685 3824 868 3906 requiratur.

180 3931 254 3994 265.
296 3929 344 3989 Ile
364 3927 550 4008 portenario
574 3926 625 4006 qni
649 3946 743 4006 super
764 3927 879 3987 llumcn
900 3931 1026 4005 portum
1049 3923 1192 3987 custodit.

47 4086 49 4111 Ι
101 4026 128 4087 Si
151 4030 220 4108 quis
241 4029 457 4109 portenarium
479 4029 666 4109 pulsauerit,
690 4028 773 4108 quod
795 4028 937 4106 fugacem
958 4026 1118 4087 hominem
1141 4032 1195 4085 ant

47 4116 50 4205 i
100 4128 196 4191 iurem
218 4131 477 4212 transposuisset,
509 4138 539 4193 et
560 4129 760 4210 portonarius
782 4127 956 4208 negauerit:
984 4127 1027 4189 ita
1048 4126 1194 4188 decerni-

47 4262 51 4271 .
102 4248 177 4305 mus,
198 4240 232 4294 ut
251 4241 403 4313 praeueat
424 4233 509 4295 solus
532 4239 773 4303 sacramentum,
803 4231 887 4310 quod
911 4231 951 4290 ad
974 4227 1195 4291 conscientiam
