2574 4710
451 120 689 183 LlVl'PRANDl
710 121 845 187 LEGES.
1162 123 1201 189 81

93 303 158 368 471
185 300 262 389 [75].
286 302 318 364 Si
339 303 440 367 infans
464 305 538 366 dum
559 305 641 368 iutra
667 312 802 368 aetatem
825 313 873 368 est
896 325 1025 370 causam
1047 306 1201 373 habuerit

93 406 161 470 472
184 402 261 491 [76].
283 405 330 466 De
352 406 498 487 religiosa
512 407 630 470 femina
646 428 727 488 quae
749 416 869 469 uestem
892 415 922 469 ot
935 408 1078 470 habitum
1094 418 1201 471 sancte

182 506 343 588 religionis
365 508 511 588 suscepit.

91 609 159 674 473
184 606 260 694 [77].
283 609 315 670 Si
338 610 400 670 duo
415 610 520 672 fratris
544 620 597 673 aut
620 611 646 673 si
667 618 757 690 pater
779 619 810 672 et
823 610 905 672 filius
922 611 1051 691 thingati
1066 612 1199 679 fuerent.

94 711 159 775 474
183 707 261 795 [78].
283 711 331 770 De
351 712 556 790 possessione
579 713 631 794 qui
655 712 764 792 aliquit
786 713 824 772 de
846 711 971 792 puplico
993 713 1093 779 hauit.

94 813 159 876 475
183 808 538 898 [79].118801018188
569 815 620 894 qui
648 815 768 876 cauallo
798 815 829 875 iu
857 822 994 875 mercato
1024 833 1201 895 conparare

182 913 328 978 uoluerit.

92 1016 158 1079 478
182 1013 259 1100 [80].
287 1016 335 1076 De
359 1017 523 1078 turonibus
558 1026 591 1077 ut
620 1016 833 1097 unusquisque
862 1017 955 1078 iudex
983 1017 1014 1077 in
1045 1017 1200 1081 ciuitatem

181 1135 273 1178 suam
294 1117 389 1179 faciat
409 1117 558 1179 carcirem
581 1121 638 1180 sub
660 1125 787 1183 terram.

75 1283 79 1290 ,
97 1219 158 1284 477
181 1216 257 1304 [81].
281 1218 313 1279 Si
325 1219 393 1299 quis
405 1219 503 1280 homo
519 1219 673 1282 cauallum
685 1221 862 1300 perdederit
874 1228 927 1282 aut
940 1220 1034 1282 aliam
1051 1220 1197 1299 qualem-

181 1339 316 1400 cumque
338 1340 413 1384 rem.

99 1423 159 1487 478
181 1421 257 1508 [82].
282 1422 314 1483 si
336 1423 404 1503 quis
428 1443 551 1485 carrum
574 1430 605 1483 et
626 1425 724 1485 boues
746 1422 777 1483 in
800 1423 878 1485 silua
900 1423 1062 1485 inuenerit.

99 1525 158 1590 479
182 1522 258 1610 [83].
281 1525 328 1584 De
350 1526 494 1588 omnibus
510 1525 661 1587 iudicibus
677 1525 803 1605 quando
826 1526 857 1585 in
880 1526 1015 1587 exercito
1033 1525 1196 1587 ambolare

180 1626 353 1689 necessitas
375 1627 475 1691 luerit.

386 1799 445 1868 [DE
464 1798 565 1856 ANNO
585 1798 726 1867 QVlNTO
747 1798 910 1868 unctum]

97 1929 158 1994 480
183 1926 257 2014 [84].
282 1927 313 1988 81
341 1927 409 2008 quis
440 1928 559 1990 timoris
589 1927 639 1988 dei
671 1927 826 1988 inmemor
856 1928 895 1989 ad
928 1927 1044 1989 ariolos
1073 1935 1127 1990 aut
1156 1929 1196 1988 ad

183 2029 299 2092 ariolas
321 2049 379 2108 pro
403 2029 553 2109 aruspicis
583 2036 635 2090 aut
658 2028 936 2110 qualibuscumque
965 2028 1125 2107 responsis
1155 2031 1195 2090 ab

180 2131 257 2212 ipsis
280 2130 460 2210 accipiendi.

98 2235 158 2298 481
182 2231 259 2319 [85].
283 2233 315 2294 Si
343 2233 411 2312 quis
439 2232 534 2294 iudex
568 2240 620 2294 aut
650 2231 807 2294 sculdahis
841 2238 935 2311 atque
968 2230 1113 2293 saltarius
1145 2230 1197 2291 uel

182 2336 319 2398 decanus
342 2334 473 2395 deloco
496 2334 548 2395 ubi
570 2334 659 2396 arioli
682 2343 735 2395 aut
757 2333 872 2395 ariolas
894 2333 995 2398 fuerit.

93 2438 160 2502 482
183 2434 259 2523 [88].
282 2436 313 2497 Si
326 2436 394 2518 quis
407 2437 561 2499 cauallum
573 2437 706 2498 alienum
718 2435 749 2496 in
762 2436 910 2497 damnum
925 2454 1017 2496 suum
1028 2433 1191 2501 inuenerit.

92 2541 159 2606 483
182 2536 258 2625 [87].
281 2538 313 2600 Si
336 2538 404 2619 quis
427 2558 498 2599 cum
520 2559 613 2601 seruo
637 2545 667 2600 et
689 2537 812 2600 aldione
828 2537 879 2598 uel
894 2556 964 2599 cum
978 2543 1193 2616 pertenentem

182 2641 285 2702 alieno
309 2641 347 2701 tle
371 2640 607 2722 qualiscumque
629 2660 695 2702 rem
719 2639 909 2705 conuenerit.

88 2743 159 2809 484
182 2736 257 2829 [88].
278 2743 325 2802 De
347 2742 446 2805 seruis
469 2742 638 2822 fugacibus.

92 2847 158 2912 485
181 2843 256 2931 [89].
279 2843 311 2905 Si
333 2843 401 2924 quis
424 2843 546 2924 coniogi
567 2863 643 2906 suae
666 2851 748 2905 meta
771 2844 847 2904 dare
869 2842 1011 2907 uoluerit.

93 2949 159 3014 486
182 2944 258 3033 [80].
282 2945 313 3006 Si
336 2945 405 3025 quis
427 2965 477 3008 res
501 2945 619 3007 alienas
649 2963 739 3007 casas
769 2951 823 3004 aut
851 2951 953 3005 terras
980 2949 1034 3004 aut
1060 2943 1193 3023 pecunia

182 3056 236 3110 aut
255 3047 389 3110 familias
411 3048 496 3109 malo
519 3047 629 3108 ordine
650 3045 795 3126 posserit.

90 3152 157 3218 487
183 3148 259 3236 [91].
281 3150 327 3210 De
342 3148 451 3212 scribis
466 3149 528 3210 hoc
541 3148 759 3229 prospeximus
775 3144 874 3226 utqui
895 3144 1029 3206 cartulas
1048 3144 1192 3209 scribent.

90 3254 160 3320 488
183 3253 260 3336 [82].
282 3251 315 3313 Si
330 3250 398 3334 quis
413 3250 492 3312 liber
506 3249 604 3312 homo
619 3249 650 3310 in
665 3258 750 3310 terra
766 3248 866 3310 aliena
878 3246 1026 3308 resedens
1041 3244 1192 3307 liucllario

181 3354 308 3415 nomine
329 3350 533 3414 humicidium
553 3351 670 3416 fecerit.

89 3458 159 3524 489
183 3453 258 3542 [88].
283 3453 313 3516 Si
348 3454 416 3534 quis
449 3453 610 3515 mulierem
643 3460 697 3514 aut
733 3451 869 3532 puellam
903 3468 963 3529 que
1002 3447 1033 3508 iu
1066 3448 1193 3512 alterius

182 3557 311 3619 mundio
333 3556 433 3618 estin
454 3563 651 3619 sacramento
674 3553 801 3618 miserit.

92 3663 161 3727 490
185 3658 259 3746 [84].
283 3657 314 3721 Si
330 3657 398 3738 quis
413 3657 514 3719 fream
529 3657 664 3719 alienam
678 3656 745 3718 sine
760 3655 953 3717 uoluntatem
968 3653 1007 3713 de
1021 3653 1191 3717 mundoald

185 3761 251 3823 eius
275 3777 404 3821 mouere
427 3759 466 3819 de
482 3757 562 3822 ¹casa
583 3759 636 3820 ubi
656 3758 810 3820 inhabitat
831 3754 1044 3837 presumserit.

94 3865 160 3930 491
187 3860 263 3949 [ccl.
295 3861 328 3923 Si
361 3860 564 3942 quiscumque
595 3861 674 3922 liber
705 3860 802 3922 homo
836 3857 981 3920 ancillam
1012 3875 1103 3920 suam
1136 3875 1194 3936 pro

187 3963 344 4053 religionis
368 3970 399 4025 et
420 3963 588 4027 munditiae
610 3981 706 4026 causa
720 3968 840 4024 uestem
860 3959 1040 4041 religiosam
1053 3959 1198 4021 induerit.

967 4064 987 4128 6
