2574 4710
178 368 414 433 LlV'l'PllAlllll
434 367 559 431 LEGES
578 364 674 428 ANNI
694 365 781 428 XXI.
804 365 885 432 CAP.
909 367 979 432 132.
1002 367 1072 433 133.
1120 368 1179 433 137

90 561 128 616 ut
150 552 322 616 adueniens
342 553 392 614 fur
412 572 463 615 res
484 552 568 633 ipsas
590 551 762 624 iurauerit,
789 557 820 611 et
838 550 922 630 ipse,
948 550 979 610 in
1002 550 1182 613 cuius'easa

90 644 182 736 ipsas
204 673 256 718 res
276 656 402 717 fuemnt
421 653 611 728 reddederit,
643 662 698 715 aut
719 653 745 716 si
768 672 833 714 nou
854 643 1045 726 reddederit,
1077 659 1181 715 tamen

93 759 230 820 reddere
263 759 363 820 debit:
400 764 431 818 et
454 776 514 818 nos
540 756 584 818 ita
611 755 774 818 statuimus
801 761 831 816 et
858 752 1040 828 diffinimus,
1066 762 1101 816 ut
1128 755 1181 836 qni
1259 831 1266 847 ,

95 879 147 922 res
170 859 290 922 alienas
305 861 506 922 comendatos
520 852 735 938 susceperant,
758 863 789 918 et
803 850 857 918 eas
871 856 1062 936 perdederit,
1084 857 1181 919 resti-

97 967 165 1024 tuat
184 962 238 1024 re's
257 962 343 1042 ipsas
366 960 413 1022 cui
434 961 573 1035 fuerent3
602 968 633 1022 et
653 961 680 1023 si
700 966 810 1040 postea
830 958 897 1038 ipse
917 958 1016 1021 furtos
1037 959 1180 1022 inuentos

97 1063 199 1138 fuerit,
222 1063 251 1124 ei
271 1071 430 1142 conponat
448 1062 516 1143 ipse
537 1063 597 1135 for,
619 1063 659 1122 de
681 1061 766 1123 ouius
788 1078 894 1121 casam
913 1059 998 1139 ipsas
1012 1079 1064 1122 res
1080 1062 1182 1142 rapuit

98 1172 152 1226 aut
171 1164 298 1226 furauit.
341 1165 423 1239 Quia
447 1165 518 1226 ideo
544 1165 606 1225 hoc
630 1161 861 1242 prospeximus,
893 1162 1056 1242 quoniam,
1090 1164 1116 1226 si
1136 1165 1180 1225 illi

98 1274 255 1346 conponat
275 1267 376 1346 ipsum
397 1268 527 1340 furtum,
550 1265 599 1327 cui
612 1283 662 1326 res
676 1264 761 1344 ipsas
776 1263 881 1336 fuerit,
903 1272 1013 1342 postea
1031 1264 1082 1325 ille
1096 1265 1179 1329 onius

100 1385 204 1430 casam
230 1367 328 1448 rupit,
351 1376 462 1450 querat
482 1369 510 1430 ei
535 1375 665 1447 ruptura
691 1384 783 1439 casae
810 1384 899 1438 suae,
928 1372 958 1427 et
979 1385 1042 1428 nou
1063 1387 1181 1454 possu-
1239 1382 1242 1389 '

99 1488 166 1531 mus
192 1470 225 1530 iu
253 1489 347 1531 unam
376 1486 503 1532 causam
532 1470 609 1531 duas
640 1467 809 1530 calumnias
836 1469 996 1547 inponere.
1044 1468 1180 1551 ldeoque

93 1570 246 1634 -sicnobis
260 1557 376 1634 iustum
389 1571 459 1644 fuit,
480 1579 515 1633 ut
528 1571 579 1631 ille
595 1572 646 1652 qui
661 1588 711 1632 res
727 1589 800 1632 suas
816 1569 1030 1647 comendauit,
1045 1573 1182 1652 recepiat

99 1690 150 1735 cos
172 1674 213 1734 ab
234 1673 320 1753 ipso,
343 1674 381 1734 de
396 1673 481 1735 cuius
497 1691 570 1735 oasa
590 1672 757 1753 perierunt,
780 1678 811 1733 et
830 1671 899 1751 ipse
913 1672 952 1732 de
974 1672 1061 1734 ouius
1076 1692 1181 1736 casam

95 1773 256 1853 perierunt
277 1783 330 1836 aut
350 1774 452 1854 ipsum
472 1775 587 1836 furtum
609 1775 711 1846 exiuit,
734 1780 843 1854 querat
865 1773 905 1834 ad
923 1773 1024 1853 ipsum
1038 1775 1180 1838 furonem

96 1874 361 1956 conpositionem,
384 1885 415 1938 et
435 1876 525 1939 tollat
536 1866 616 1939 ¹sicut
629 1878 680 1937 lex
702 1884 764 1949 est,
786 1875 898 1954 etipse
913 1874 977 1948 fur,
998 1876 1060 1938 licit
1079 1878 1182 1939 male-

95 1977 196 2038 factor
217 1976 273 2052 sit,
294 1997 357 2037 non
378 1977 494 2040 habeat
515 1980 554 2039 de
575 1998 635 2039 una
657 1996 752 2039 causa
774 1978 850 2038 duas
872 1976 1060 2039 calomnias,
1113 2000 1117 2007 ·

185 2080 252 2144 132.
274 2078 325 2138 Ill.
369 2079 400 2141 Si
422 2081 489 2160 quis
515 2079 727 2141 fraudolenter
753 2077 856 2139 tolerit
881 2078 1023 2140 ancillam
1049 2079 1182 2140 alienam
1211 2097 1213 2100 ’

99 2186 132 2241 et
155 2178 281 2254 dixerit,
313 2182 398 2261 quod
420 2200 488 2243 eam
517 2201 625 2244 seruus
654 2187 708 2241 aut
733 2179 855 2239 haldius
874 2164 978 2258 ¹ipsius
1003 2180 1116 2243 tolissit
1141 2183 1181 2242 ad

99 2300 243 2354 onorem,
272 2289 303 2343 et
322 2291 434 2363 postea
461 2284 574 2345 ueritas
604 2282 760 2344 clarifacta
786 2281 891 2354 fuerit,
920 2282 1004 2360 quod
1026 2301 1090 2344 non
1111 2301 1181 2344 eam

101 2381 167 2462 ipse
184 2403 295 2447 seruus
318 2393 371 2445 aut
390 2385 512 2448 haldius
534 2384 659 2456 tolissit,
681 2391 755 2445 tuuc
769 2382 904 2462 primum
919 2384 1057 2445 omnium
1071 2385 1182 2446 reddat

98 2482 198 2563 iprum
214 2485 417 2565 mancipium,
440 2487 524 2549 cuius
539 2487 609 2559 fuit,
632 2494 663 2547 et
684 2485 724 2547 sit
744 2479 809 2573 eius
824 2484 966 2552 ancillam
981 2486 1067 2549 cuins
1089 2494 1180 2548 antea

95 2585 212 2654 fuerat,
256 2588 295 2650 Et
313 2587 366 2648 ille
388 2589 439 2669 qui
460 2589 541 2650 hanc
561 2589 703 2649 fraudem
724 2586 848 2660 fecerit,
879 2587 922 2649 dit
942 2588 1067 2668 insuper
1089 2588 1181 2650 aliam
1222 2610 1225 2619 ·

94 2687 191 2749 talem
221 2689 363 2750 ancillam
389 2697 443 2750 aut
469 2690 650 2751 haldianam
678 2684 779 2750 eidem
805 2689 938 2762 homini,
971 2689 1019 2750 cui
1040 2689 1180 2752 fraudem

92 2789 181 2866 feeit,
204 2797 235 2851 et
255 2790 374 2852 reddat·
388 2809 501 2871 operas
524 2793 563 2852 de
583 2793 652 2872 ipsa
674 2791 831 2864 ancillam,
855 2811 948 2871 quam
969 2793 1181 2855 fraudolenter

92 2892 173 2965 tolit,
196 2893 344 2972 quamdiu
366 2912 434 2953 eam
456 2893 565 2956 habuit
585 2902 660 2974 aput
679 2913 725 2960 se.

184 2995 253 3060 133.
273 2994 336 3056 llll
380 2994 410 3055 si
433 2997 502 3074 quis
523 2995 602 3056 liber
621 2995 716 3056 homo
738 2995 769 3055 in
791 3014 899 3061 casam
924 2994 1057 3056 alienam
1077 2998 1180 3059 intro-

93 3095 169 3156 ierit
188 3096 228 3164 ad
246 3090 475 3170 resedendum,
507 3104 538 3157 et
564 3094 595 3157 ei
621 3114 748 3158 censum
775 3097 981 3169 reddendum,
1014 3105 1045 3158 et
1070 3107 1180 3177 postea

95 3196 214 3276 aliquid
241 3197 351 3258 emerit
377 3199 415 3258 de
435 3197 495 3260 illis
517 3200 627 3271 rebus,
654 3217 731 3277 quas
753 3217 858 3260 secum
881 3197 1023 3271 adduxit,
1055 3200 1180 3278 quando

90 3299 125 3360 in
147 3298 250 3378 ipsam
270 3317 377 3362 oasam
396 3299 542 3373 introibit,
565 3309 618 3362 aut
638 3300 785 3362 forsitans
808 3299 951 3361 habuerit
971 3317 1022 3362 res
1045 3301 1084 3361 de
1106 3322 1180 3362 mu-

92 3401 204 3462 lierem
219 3420 307 3462 suam
323 3406 354 3462 et
368 3402 478 3462 exinde
493 3404 615 3475 emerit,
638 3410 669 3463 et
683 3409 849 3482 pronatum
862 3401 968 3462 fuerit:
991 3410 1065 3463 tune
1079 3403 1181 3482 ipsum

93 3504 254 3584 nogotium
274 3503 406 3565 dimittat
425 3504 457 3564 in
478 3504 580 3584 ipsam
601 3523 706 3565 casam
728 3510 760 3564 et
779 3503 907 3582 recipiat
926 3503 1058 3583 pretium
1080 3523 1180 3566 suum.

93 3605 134 3667 Et
154 3603 223 3684 ipsa
244 3604 387 3683 pronatio
409 3604 441 3665 in
462 3605 523 3667 hoc
545 3607 686 3668 ordinem
701 3606 814 3667 deueat
833 3603 915 3678 fieri,
938 3612 971 3666 ut
993 3607 1119 3687 quando
1141 3607 1180 3668 de

93 3708 190 3768 rebus
212 3705 348 3768 mulieris
377 3726 452 3768 suae
479 3707 594 3789 aliquid
615 3705 847 3788 conparauerit,
866 3708 1012 3796 adducat
1037 3708 1179 3771 homenis

95 3807 150 3888 qui
170 3807 270 3870 sciant
290 3809 374 3888 quod
400 3807 503 3888 ipsum
529 3809 666 3890 precium
688 3810 727 3870 de
756 3810 848 3870 rebus
876 3809 1012 3870 mulieris
1034 3828 1110 3870 suae
1131 3811 1179 3884 sit,

94 3916 130 3971 ut
152 3927 279 3972 causam
310 3910 415 3989 ‘ipsam
449 3916 512 3971 non
546 3912 653 3973 ueniat
678 3912 718 3973 ad
746 3910 936 3991 periurium3
969 3911 1025 3972 sed
1055 3912 1179 3992 quando

92 4010 230 4073 uoluerit
249 4010 353 4074 iurare
373 4012 412 4072 de
438 4015 530 4075 rebus
552 4013 686 4074 mulieris
715 4032 791 4075 suae
816 4013 1070 4093 conparationem
1098 4013 1180 4075 facta

92 4111 212 4186 fuissit,
230 4119 270 4173 at
296 4112 339 4172 illi
367 4114 451 4176 testis
479 4113 610 4178 firmiter
635 4115 734 4177 sciant
760 4122 791 4176 et
815 4115 931 4188 iurent,
961 4115 1053 4195 „quia
1080 4115 1179 4176 inter-

92 4214 226 4290 fuimus,
259 4216 385 4297 quando
411 4215 479 4296 ipsa
512 4215 691 4298 conparatio
723 4216 766 4277 de
780 4219 886 4298 rebus
904 4216 1054 4280 ‘mulieris
1083 4216 1188 4297 ipsius⁴
1249 4203 1253 4222 ²
