2574 4710
92 342 133 405 re
451 337 668 400 carnutum
689 339 824 413 cacas.

460 523 520 591 [un
539 521 640 578 nnuc
661 521 834 592 cernue]
921 504 923 509 ’

94 617 155 681 413
180 613 252 699 [11].
272 612 471 694 *Quicumque
504 614 601 675 homo
636 614 750 679 uuadia
785 613 905 676 dederit
936 624 966 676 et
1002 613 1168 680 fideiussore

261 716 402 796 posuerit
422 716 580 795 presentia
602 716 734 776 ducrum
756 714 807 776 uel
829 717 931 780 trium.

95 822 155 886 414
180 817 252 904 [16].
277 818 307 879 Si
330 819 398 898 quis
423 818 609 879 mutuauerit
631 817 764 880 solidum
788 818 972 900 cuicumque
992 819 1108 881 homini
1127 840 1171 900 per

179 920 332 986 cautione.

94 1025 155 1088 415
180 1021 252 1107 [17],
277 1022 309 1084 Si
329 1022 426 1083 frater
446 1022 575 1084 fratrem
597 1022 627 1081 in
650 1021 784 1100 peccatis
808 1021 964 1084 Occiderit.

94 1126 155 1189 416
180 1123 255 1208 [18].
278 1123 310 1184 Si
333 1125 400 1204 quis
427 1123 586 1204 negotium
613 1124 826 1203 peragendum
851 1124 902 1187 uel
928 1143 986 1203 pru
1013 1124 1173 1205 qualicum-

179 1245 240 1305 que
262 1223 393 1287 artificio
414 1226 494 1286 intra
516 1224 676 1304 prouincia
697 1226 748 1286 uel
779 1233 866 1287 extra
887 1226 1049 1305 prouincia
1074 1229 1176 1289 umbo-

178 1328 298 1394 lauerit.

485 1428 544 1498 [DE
563 1427 664 1485 ΑΝΝΟ
684 1426 804 1497 NON0.]

94 1541 156 1603 417
180 1537 253 1624 [19].
274 1537 320 1597 De
347 1546 448 1600 aetate
474 1539 505 1599 in
536 1538 657 1619 quantis
688 1538 777 1599 annis
806 1538 919 1600 deueat
947 1557 1018 1602 esse
1049 1540 1174 1620 legitima

179 1647 256 1703 etas.

95 1744 157 1807 418
181 1740 254 1826 [20].
278 1741 308 1802 Si
331 1741 404 1820 quis⁴
421 1741 499 1802 liber
519 1740 616 1802 homo
639 1759 673 1804 se
690 1742 919 1803 defendendum
934 1742 1066 1805 liberum
1081 1745 1180 1806 homi-

178 1862 250 1904 nem
272 1842 428 1906 occiderit.

93 1948 156 2012 419
186 1943 258 2029 [21].
289 1944 320 2006 Si
352 1963 462 2007 seruus
497 1963 566 2005 cum
604 1945 764 2007 uoluntate
798 1945 912 2007 demini
943 1946 992 2008 sui
1027 1947 1181 2011 hominem

177 2047 310 2109 liberum
332 2045 488 2111 occiderit.

95 2151 155 2214 420
179 2147 252 2234 [22].
276 2148 307 2211 Si
330 2148 440 2209 mulier
461 2168 511 2211 res
535 2168 608 2211 suas
625 2148 835 2210 consentiente
856 2167 933 2210 uere
950 2170 1008 2212 suo
1030 2160 1085 2215 aut
1100 2173 1186 2216 cum-

179 2251 312 2313 muniter
333 2250 507 2312 uenundari
528 2251 671 2316 uoluerit.

20 2408 24 2413 .
94 2355 152 2419 421
180 2351 253 2438 [23]
276 2352 307 2413 Si
330 2353 398 2432 quis
421 2373 548 2414 seruum
571 2361 624 2415 aut
638 2352 781 2415 ancillam
796 2365 887 2415 suam
909 2352 939 2412 in
963 2354 1094 2418 ecelesia
1110 2358 1186 2421 circa

179 2455 278 2516 altare
301 2454 417 2515 amodo
440 2454 571 2516 liberum
594 2462 647 2516 aut
667 2454 766 2515 libera
789 2455 945 2518 dimiserit.

94 2560 157 2622 422
181 2556 254 2641 [24].
277 2556 309 2616 Si
331 2556 441 2617 mulier
462 2556 560 2617 libera
583 2575 710 2618 seruum
732 2555 845 2621 tolerit.

93 2662 156 2725 423
180 2657 252 2742 [25].
276 2658 308 2718 Si
330 2659 397 2737 quis
422 2677 549 2720 causam
577 2657 721 2718 habuerit
743 2667 773 2719 et
795 2658 951 2722 sculdahis
980 2680 1038 2723 suo
1061 2680 1187 2725 causam

178 2779 266 2823 suam
288 2759 408 2824 dixerit.

93 2865 155 2928 424
180 2860 253 2946 [26].
276 2861 307 2922 Si
328 2860 471 2922 homenis
495 2862 534 2921 de
563 2864 620 2923 sub
643 2880 705 2922 unc
736 2862 834 2922 iudice
862 2854 900 2923 de
930 2865 1054 2927 duobus
1085 2873 1189 2928 tamen

179 2962 337 3026 sculdahis
359 2981 487 3024 causam
509 2963 664 3028 habuerit.

93 3069 154 3132 425
179 3064 250 3150 [27].
274 3065 305 3126 Si
328 3064 396 3145 quis
417 3065 449 3125 in
472 3065 565 3126 aliam
589 3065 745 3129 ciuitatem
769 3084 897 3128 causam
918 3066 1074 3134 habuerit.

93 3171 155 3235 426
179 3166 252 3253 [28].
276 3168 307 3229 Si
330 3167 397 3246 quis
421 3185 548 3229 causam
570 3168 725 3232 habuerit.

178 3270 227 3355 [29
253 3270 284 3330 Si
306 3269 415 3332 mulier
443 3288 494 3332 res
517 3289 589 3332 suas
612 3269 749 3329 uendere
771 3267 921 3345 uoluerit,
945 3289 1009 3331 non
1032 3274 1191 3334 absconse

176 3371 328 3456 uendat.¹]

459 3473 518 3542 [DE
537 3471 637 3528 ANNO
657 3471 824 3541 nectite]

93 3585 155 3647 427
177 3581 251 3668 [30].
272 3582 319 3643 De
341 3582 389 3644 his
411 3583 532 3645 feminis
556 3601 615 3662 que
637 3581 781 3643 uelamen
804 3589 910 3644 sancte
932 3583 1089 3664 relig10nis
1113 3605 1191 3648 sus-

178 3685 304 3765 cipiunt.

92 3786 155 3852 428
178 3785 251 3870 [31].
275 3786 305 3847 Si
329 3787 396 3866 quis
418 3786 554 3866 rapuerit
578 3786 837 3866 qualemcumque
858 3785 983 3847 femina.

92 3891 155 3954 429
178 3886 251 3972 [32].
273 3887 390 3950 Dahis
415 3887 465 3967 qui
487 3887 610 3950 inlecito
633 3887 832 3949 matrimonio
855 3887 919 3948 nati
941 3895 1012 3950 sunt
1035 3887 1086 3947 uel
1107 3906 1192 3950 nas-

178 3998 296 4050 cuntur.

94 4196 113 4267 1]
132 4196 176 4250 Ec
196 4196 286 4250 codice
304 4195 456 4250 Mutritcnaz'
466 4199 491 4250 ct
502 4193 629 4258 (3111111,Ι
649 4195 706 4249 cod.
720 4193 805 4248 Puris.
825 4191 898 4244 4613
918 4193 967 4246 111
984 4197 1061 4262 purte
1074 4194 1191 4247 mutilus.
