2574 4710
136 336 196 403 104
271 329 507 396 LlV'l'l’llAlllll
526 330 652 393 LEer
671 330 767 391 ANNI
786 331 840 393 xl.
862 330 946 398 CAP.
967 333 1104 398 45-51.

135 518 235 601 presit
264 526 318 581 aut
348 516 515 598 iuquisiuit.
576 514 609 576 Si
632 534 711 578 uere
740 516 879 597 degamus
912 524 966 578 aut
998 512 1145 578 saltarius
1171 513 1237 576 hoe

136 621 241 684 faeere
259 619 422 693 distulerit,
438 625 594 700 eoupuuat
604 618 724 681 solidos
735 620 766 693 4,
776 618 973 680 medietatem
989 617 1150 682 sculdahis
1166 636 1235 692 suo,

138 732 169 787 et
180 721 376 785 medietatem
391 720 477 783 euius
488 739 583 783 eausa
594 727 651 783 est.
671 720 711 783 Et
720 720 746 783 si
760 720 918 784 seuldalris
928 721 1100 783 ueeleetum
1110 739 1238 801 posue·

138 825 193 899 rit,¹
210 833 367 905 conponat
388 822 506 886 solidos
527 823 558 896 8,
576 821 775 884 medietatem
794 821 886 884 iudici
905 842 964 886 sue
987 832 1019 885 et
1033 822 1236 884 medietatem

140 927 225 990 euius
241 945 336 989 eausa
346 934 403 991 est.
439 924 472 986 Si
487 944 566 987 uero
579 924 674 986 iudex
693 924 734 985 ad
748 943 819 985 eum
832 924 1050 1012 iuquireudum
1069 925 1122 986 uel
1140 943 1238 986 mau-

141 1028 247 1089 datum
267 1026 452 1102 laciendum,
474 1027 556 1088 unde
574 1026 643 1106 ipse
656 1025 755 1087 humo
770 1036 827 1099 est,
848 1027 1008 1103 distulerit,
1030 1033 1192 1108 conponat
1205 1026 1235 1088 iu

139 1128 384 1211 palatiesolidos
394 1132 443 1197 12.
458 1129 497 1190 Et
508 1128 533 1191 si
544 1128 595 1190 ille
604 1127 763 1210 iudexgeui
773 1129 955 1191 mandatum
965 1129 1097 1204 uenerit,
1107 1129 1235 1191 neelee-

140 1238 207 1292 tum
227 1229 335 1292 feeerit
356 1233 396 1293 ad
417 1230 521 1312 ipsum
541 1231 701 1292 homiuem
715 1231 973 1312 recollegendum
996 1239 1049 1294 aut
1070 1233 1233 1294 arimauue

142 1351 200 1396 sue
234 1334 413 1396 mandatum
448 1333 637 1395 laciendum:
676 1332 769 1413 „qnia
794 1332 826 1394 iu
854 1334 908 1395 tali
935 1335 1005 1395 loeo
1031 1334 1132 1395 homo
1166 1341 1235 1396 tuus

144 1435 378 1513 conprehensus
408 1443 484 1510 est“,
513 1442 544 1496 et
569 1435 631 1496 hoe
656 1434 839 1510 neclexerit,
874 1441 1030 1516 conponat
1058 1436 1089 1496 in
1117 1435 1234 1516 palatie

42 1534 47 1546 '
144 1535 264 1600 solidos
288 1541 336 1604 12.
383 1537 423 1600 Et
443 1537 483 1599 sit
503 1536 605 1616 spatio
627 1537 667 1597 de
688 1535 758 1616 ipso
781 1538 929 1600 mandato
950 1537 1092 1599 iaciendo
1114 1537 1148 1598 iu
1170 1538 1235 1600 istis

143 1638 282 1719 partibus
303 1639 335 1700 in
357 1658 420 1701 uuo
442 1657 564 1714 mense;
585 1645 673 1702 trans
695 1638 782 1718 alpes
798 1658 885 1713 uero,
907 1639 1092 1720 inpartibus
1108 1640 1234 1712 tuseiae,

143 1739 176 1800 iu
198 1760 320 1804 menses
342 1742 416 1806 duo.

229 1844 280 1909 45.
301 1843 385 1907 XVI.
428 1842 460 1904 Si
487 1841 555 1922 quis
588 1841 735 1903 astalaria
761 1842 887 1904 alterius
919 1843 1124 1922 capelauerit,
1158 1863 1236 1906 eon-

145 1951 244 2025 ponat
266 1945 294 2006 ei
316 1945 400 2008 euius
423 1943 570 2008 astalaria
591 1943 696 2017 luerit,
719 1944 836 2007 solidos
857 1946 887 2009 6.

230 2049 280 2113 46.
302 2046 399 2112 XVII.
442 2045 474 2108 Si
496 2045 564 2126 quis
585 2045 738 2108 fossatum
767 2045 903 2107 interra
933 2046 1058 2110 alterius
1079 2047 1187 2109 lecerit
1207 2056 1238 2109 et

45 2196 53 2209 ,
148 2167 238 2212 suam
268 2170 332 2211 nen
360 2149 497 2230 potuerit
526 2149 679 2227 probare,
711 2156 868 2227 conponat
899 2147 928 2208 ei
956 2148 1041 2211 euius
1070 2156 1155 2211 terra
1182 2157 1234 2228 est

148 2251 265 2314 solidos
288 2253 318 2316 6.

232 2354 284 2420 47.
305 2351 416 2419 XVlll.
466 2351 498 2412 Si
526 2350 594 2432 quis
627 2369 702 2430 sepe
732 2351 764 2410 iu
790 2358 874 2412 terra
906 2351 1030 2414 alterius
1062 2354 1183 2416 miserit
1211 2361 1240 2415 et

150 2472 239 2518 suam
266 2457 403 2535 probare
435 2472 498 2515 uon
527 2452 675 2533 potuerit,
709 2460 866 2532 conponat
895 2454 923 2514 ei
952 2455 1037 2517 euius
1071 2463 1155 2517 terra
1182 2464 1239 2530 est,

150 2555 268 2619 solidos
291 2557 320 2622 6.

234 2657 284 2722 48.
306 2655 450 2720 XVllll..
475 2657 506 2718 Si
535 2657 603 2737 quis
631 2655 764 2717 liberum
789 2655 946 2718 hominem
975 2658 1052 2721 loris
1079 2659 1240 2739 prouincia

125 2758 336 2835 'uindederit,
363 2766 520 2840 conponat
545 2757 690 2839 uuirigild
718 2757 798 2836 eius,
829 2765 989 2840 tamquam
1011 2760 1037 2823 si
1059 2779 1130 2822 eum
1152 2762 1240 2823 oeci-

151 2861 255 2927 disset.

234 2965 284 3030 49.
307 2963 379 3027 XX.
422 2962 453 3023 Si
476 2962 544 3043 quis
566 2980 691 3025 seruum
719 2961 852 3023 alienum
877 2962 955 3026 foris
981 2964 1142 3044 prouincia
1167 2964 1245 3026 uin·-

151 3065 271 3127 dederit
296 3071 327 3126 et
353 3071 518 3144 prouatum
542 3063 649 3138 fuerit,
683 3063 715 3125 iu
741 3065 945 3146 quadruplum
973 3085 1044 3127 eum
1075 3075 1242 3146 conponat,

152 3168 230 3231 sieut
251 3163 424 3246 adpretiata
444 3166 536 3229 luerit
556 3167 626 3246 ipsa
647 3185 794 3248 persona.

235 3271 285 3335 50.
307 3265 393 3333 XXI.
435 3268 482 3330 De
517 3288 609 3332 seruo
637 3268 668 3330 iu
704 3276 902 3351 sagramento
936 3269 1044 3338 misso.
1108 3271 1141 3332 Si
1173 3271 1243 3352 quis

151 3389 277 3433 seruum
300 3370 432 3432 alienum
455 3368 521 3432 siue
550 3372 710 3433 uoluntate
737 3371 854 3433 domini
880 3370 928 3433 sui
954 3372 986 3432 iu
1012 3381 1244 3436 sacramentum

152 3471 288 3546 miserit,
321 3480 374 3534 aut
403 3491 529 3534 manum
556 3472 588 3533 in
618 3473 753 3535 caldaria
781 3473 903 3535 mittere
929 3473 1055 3548 fecerit,
1084 3484 1247 3557 conponat

152 3573 277 3635 domiuo
300 3573 365 3636 eius
387 3573 504 3637 solidos
527 3575 577 3639 20.

235 3676 285 3741 51.
308 3674 407 3736 XXll.
461 3674 492 3736 Si
530 3675 598 3756 quis
637 3695 761 3738 seruum
794 3676 928 3738 elienum
958 3677 989 3738 in
1027 3697 1122 3740 manu
1138 3725 1141 3729 ψ
1159 3681 1244 3762 regis

152 3775 272 3838 dederit
298 3785 328 3838 et
353 3783 521 3856 pronatum
548 3776 654 3851 fuerit,
684 3779 767 3859 quod
784 3799 858 3867 ¹uon
888 3799 945 3840 suo
974 3799 1068 3842 seruo
1096 3781 1246 3856 dedisset,

152 3885 309 3958 conponat
329 3877 395 3959 regi
418 3878 469 3959 qui
497 3898 555 3959 pro
581 3887 723 3960 tempore
744 3881 849 3954 luerit,
879 3880 995 3945 solidus
1021 3885 1096 3958 1003
1125 3883 1247 3964 etipse

152 3999 261 4043 seruus
284 3986 459 4042 reuertatur
481 3981 520 4042 ad
544 3981 703 4063 preprium
718 3982 876 4044 dominum
903 4004 1002 4059 suum,
1024 3991 1056 4046 et
1075 3985 1116 4047 sit
1134 4005 1247 4048 seruus

152 4081 229 4144 sieut
250 4090 341 4146 autea
361 4081 426 4144 luit.
474 4081 514 4144 Et
533 4084 674 4164 insuper,
697 4084 749 4165 qui
773 4103 844 4148 eum
870 4085 903 4149 iu
925 4106 1019 4150 mauu
1047 4088 1130 4170 regis
1151 4088 1250 4163 dedit,

152 4192 307 4265 conponat
329 4183 455 4247 domiuo
481 4184 546 4249 eius
568 4185 686 4251 solidos
708 4185 823 4269 uiginti.
