2574 4710
94 373 153 435 122
222 363 223 367 ¹
248 366 486 429 L1VTPRANDI
507 365 632 426 LEGES
655 365 750 426 ANNI
770 366 853 427 XVI.
877 365 961 431 GAP.
983 368 1034 432 96.

175 553 262 613 Ilaec
284 559 388 614 autem
410 549 530 623 omnia,
554 569 635 630 quae
657 550 754 611 modo
775 551 806 610 in
829 557 976 631 presente
1005 550 1092 612 edicti
1110 570 1165 615 cor.

95 674 173 737 pore
196 653 379 727 adfixemus,
403 653 429 714 si
451 653 597 732 deinceps
621 670 716 714 causa
731 652 902 737 emerserit,
926 652 969 714 sic
990 653 1100 714 deucat
1115 654 1165 718 Iicri

92 756 266 829 terminata,
290 756 368 818 sicut
388 774 470 816 nunc
485 761 622 817 statuere
637 754 696 815 uisi
719 773 844 830 sumus;
867 772 949 834 quae
971 761 1062 816 antea
1083 773 1165 818 ener-

95 866 211 932 serunt,
234 859 278 920 sic
302 857 554 931 determinentur,
577 856 657 919 sicut
679 856 816 917 anterior
837 855 985 918 institutio
1007 855 1072 922 iuit.

448 976 579 1066 Explicit
601 977 640 1036 dc
662 996 745 1038 anno
768 977 837 1042 XV.

173 1280 314 1342 INCIPIT
335 1280 388 1341 DE
408 1279 518 1341 ANNO
541 1277 675 1341 SEXTO
696 1278 849 1341 DECIMO
872 1279 912 1364 (p.
938 1279 1010 1341 Otr.
1032 1277 1110 1362 728).

178 1464 318 1527 Pluribus
349 1464 412 1524 iam
434 1463 560 1544 quidem
586 1463 704 1525 uicibus
732 1464 763 1525 in
786 1463 913 1543 antiquo
942 1462 1034 1524 edicti
1059 1479 1171 1541 corpore
1215 1476 1218 1533 ῑ

96 1587 133 1628 ea
156 1567 323 1647 adiungere
351 1566 543 1638 curarimus,
571 1584 651 1644 quae
673 1585 732 1644 pro
762 1565 862 1627 salute
891 1564 1014 1626 animae
1041 1571 1072 1626 et
1091 1562 1171 1644 gertr

94 1676 221 1732 nostrae
237 1667 411 1730 saluatione
427 1685 497 1729 csse
512 1667 749 1747 prospeximus3
771 1685 852 1727 nunc
865 1667 974 1747 itaque
990 1664 1081 1729 simili
1095 1665 1172 1725 modo

95 1789 133 1831 ea
160 1769 409 1842 considerantes,
433 1787 514 1850 quae
541 1768 710 1830 secundum
738 1769 831 1828 deum
858 1777 944 1829 recta
973 1787 1044 1833 csse
1071 1785 1173 1846 cogno-
1215 1782 1218 1847 ξ

94 1872 211 1947 nimus,
241 1878 274 1932 ut
294 1890 352 1931 nec
373 1871 509 1951 periuria
531 1889 589 1930 nec
609 1868 707 1949 iurgia
735 1869 816 1932 inter
844 1879 970 1931 nostros
993 1875 1175 1949 emerguntur
1211 1880 1218 1935 ,·

94 1972 214 2048 fideles,
237 1993 299 2034 una
322 1992 391 2034 cum
413 1972 528 2035 nostris
557 1971 710 2032 iudicibus
733 1979 827 2051 atque
853 1970 996 2032 fidelibus
1018 1969 1176 2049 langobar-

96 2075 157 2148 dis,
184 2082 215 2135 et
237 2076 331 2137 modo
360 2074 497 2155 presenti
524 2081 666 2153 tempore
690 2072 746 2146 ⁴die
774 2073 980 2134 kalendarum
1010 2071 1177 2134 martiarum

95 2197 177 2239 anno
200 2177 315 2238 christo
331 2184 512 2257 protegente
533 2175 620 2262 regni
635 2174 733 2236 nostri
757 2177 805 2247 16,
827 2174 993 2236 indictione
1012 2176 1059 2247 ll,
1079 2173 1177 2234 iterun

96 2280 278 2360 adiungere:
314 2279 405 2339 deum
435 2279 617 2339 inuocamus
645 2284 773 2347 testem,
807 2295 869 2336 non
895 2295 954 2355 pro
983 2275 1089 2355 aliqua
1110 2291 1178 2335 uana

96 2382 195 2462 gloria
223 2390 275 2443 aut
302 2381 395 2441 laude
423 2381 561 2441 humana
591 2379 799 2459 querendum,
829 2379 884 2440 sed
913 2377 962 2438 dei
990 2375 1181 2459 omnipotenti

28 2523 29 2527 =
94 2483 247 2564 placendo
271 2491 303 2544 ct
324 2490 450 2544 nostros
473 2483 512 2542 de
534 2501 641 2542 errore
663 2479 800 2541 tollendo
823 2479 992 2544 subiectos,

179 2589 230 2650 96.
274 2585 298 2650 I.
342 2584 373 2645 Si
397 2584 465 2663 quis
487 2602 546 2663 pro
569 2602 697 2644 cansam
720 2601 809 2644 suam
825 2581 939 2661 aliquid
962 2581 1055 2641 iudici
1075 2588 1130 2643 aut
1150 2579 1182 2640 ad

96 2685 354 2766 qualemcumque
375 2685 568 2764 locopositus
591 2685 643 2746 uel
663 2684 764 2746 fidelis
786 2683 852 2763 regi
874 2683 1003 2755 dederit,
1026 2689 1057 2744 et
1079 2683 1185 2743 niuen-

94 2796 159 2848 tem
181 2806 252 2847 eum
274 2787 465 2868 requisierit,
489 2787 620 2847 dicendo
644 2787 727 2865 quod
750 2786 913 2846 liberatum
936 2806 1000 2845 non
1023 2785 1077 2857 sit,
1101 2783 1186 2844 faciat

7 2936 10 2940 .
93 2888 136 2949 illi
158 2888 313 2962 iustitiam,
336 2895 408 2970 post
424 2891 691 2968 quantascumque
714 2907 813 2949 annos
835 2887 1020 2967 requisierit.
1064 2886 1144 2946 Nam
1164 2884 1186 2945 si

94 2998 166 3071 post
188 2999 321 3051 mortem
343 2991 408 3052 eius
431 2989 512 3052 filids
536 2996 589 3050 aut
603 2988 728 3050 heredis
749 2989 928 3069 pulsauerit,
951 2990 995 3051 sic
1017 2988 1188 3060 statuimus,

94 3102 127 3152 ut
149 3092 175 3154 si
197 3092 353 3152 uiuentem
376 3099 498 3172 patrem
520 3091 657 3171 pulsauit
678 3089 902 3170 proclamando
925 3092 964 3152 ad
986 3109 1111 3171 regem,
1140 3099 1190 3152 aut

95 3193 333 3274 conpellendum
354 3214 412 3274 per
433 3194 511 3255 tales
533 3193 676 3254 homines
701 3211 835 3272 quorum
862 3194 940 3255 fedis
971 3192 1139 3269 amittitur,
1162 3201 1192 3254 ct

94 3296 209 3358 ueritas
233 3295 429 3376 apparuerit,
459 3295 542 3376 quod
565 3296 701 3376 pulsauit
729 3304 760 3356 ct
788 3295 935 3356 iustitiam
962 3294 1103 3355 inuenire
1129 3313 1191 3354 non

93 3399 206 3478 potuit,
237 3399 332 3460 faciat
353 3398 380 3457 ei
401 3397 457 3458 filii
486 3404 541 3459 aut
566 3398 691 3460 heredis
719 3397 868 3458 iustitiam
895 3397 973 3458 sicut
995 3397 1046 3458 lex
1070 3403 1131 3469 est,
1165 3395 1190 3457 si

93 3500 174 3561 intra
205 3500 277 3561 anni
306 3500 443 3579 spatium
469 3510 541 3580 post
569 3485 701 3561 mortem
729 3499 827 3579 patris
856 3498 1074 3578 repetitionem
1104 3517 1193 3560 suam

94 3602 260 3663 ostendere
281 3601 427 3680 potuerit.
480 3602 558 3663 Nam
582 3600 608 3663 si
630 3621 720 3663 suam
747 3600 1000 3661 reclamationem
1024 3601 1192 3662 ostendere

94 3722 156 3762 non
179 3703 329 3782 potuerit,
361 3711 391 3763 et
412 3703 484 3764 anni
515 3703 650 3783 spatium
672 3701 863 3783 preterierit,
892 3702 1013 3763 etiamsi
1034 3702 1193 3782 pulsassit‚

93 3824 156 3865 non
178 3805 295 3865 habeat
315 3804 496 3886 iagundiam
518 3805 599 3866 filitrs
622 3812 676 3865 aut
696 3803 829 3866 heredes
852 3804 1039 3883 repetendo,
1070 3803 1130 3865 nisi
1156 3803 1194 3865 sit

94 3906 152 3967 sibi
175 3913 382 3986 contemptus.
431 3905 513 3977 Quia
536 3908 574 3968 dc
596 3906 711 3967 uuadia
740 3915 769 3967 et
796 3906 983 3968 fideiussore
1011 3906 1050 3965 de
1077 3925 1193 3986 sagra-

94 4015 198 4068 mento
236 4009 279 4070 ita
322 4009 443 4069 rothari
482 4010 629 4071 decessor
665 4018 773 4069 noster
803 4008 834 4067 in
867 4006 1056 4069 anteriorem
1090 4008 1193 4068 edicto

95 4108 175 4193 [cup.
199 4110 271 4194 361]
306 4111 349 4172 sic
382 4110 509 4182 statuit,
543 4118 577 4171 ut
597 4117 671 4189 post
702 4109 774 4169 anni
806 4110 962 4188 spatium,
996 4109 1083 4171 cuius
1116 4127 1191 4188 pars

92 4211 278 4292 neglexerit,
309 4211 429 4273 amittat
454 4230 581 4274 causam
608 4230 713 4272 suain:
746 4212 880 4291 ideoque
907 4210 996 4272 nobis
1019 4229 1191 4290 congruum
