2574 4710
172 322 231 388 190
400 387 401 390 ¹
452 314 576 377 LEGES
597 313 962 380 Lnnooonnoonvn.

168 500 354 585 peruenerit,
376 508 544 579 componat
566 500 684 562 solidos
707 509 812 564 centos
832 508 863 562 et
883 500 1080 582 supradictae
1102 520 1250 582 personae

169 607 346 678 tradantur3
368 610 398 664 et
419 602 445 664 si
467 620 561 682 snper
582 619 668 662 mare
689 601 806 664 uenditi
826 603 927 678 fuerit,
950 610 1119 685 componat
1140 604 1249 671 solidos

170 709 328 778 ducentos,
351 704 403 786 qui
423 705 486 766 hoc
507 703 623 765 malum
643 704 826 784 penetrauit.

133 888 135 890 Ι
253 810 282 873 4,
326 807 388 889 †Et
408 807 470 868 hoo
490 805 697 886 promittimus
716 807 755 866 de
776 807 999 882 terciatoribus,
1021 816 1055 869 ut
1069 809 1097 871 si
1112 827 1132 870 a
1145 807 1250 890 lango-

169 911 269 973 bardo
295 909 412 970 uenditi
438 908 565 976 fuerint,
595 915 828 988 comparantur,
858 916 888 972 et
912 910 1087 972 nullatenus
1117 910 1149 970 in
1179 930 1249 973 naue

127 1082 129 1086 μ
168 1014 377 1093 imponantur,
400 1019 453 1073 aut
473 1017 560 1072 trans
582 1028 668 1070 mare
689 1012 920 1072 nenundentur:
951 1018 1081 1090 excepto
1105 1011 1132 1073 si
1152 1011 1249 1072 homi-

169 1115 280 1176 cidium
302 1112 417 1187 fecerit,
441 1120 493 1173 ant
514 1111 617 1172 facere
637 1110 778 1186 uoluerit,
798 1111 914 1174 habeat
928 1112 986 1175 sibi
999 1112 1167 1189 licentiam,
1190 1133 1248 1176 enm

169 1219 326 1292 uendere;
346 1198 398 1278 ‘ita'
422 1221 541 1288 tamen,
567 1220 602 1274 ut
623 1213 757 1299 quinque
777 1232 932 1294 personae
953 1209 1127 1295 praebeant
1150 1234 1248 1278 sacra-

168 1327 315 1392 mentum,
339 1317 422 1398 quod
443 1315 511 1396 ipse
531 1315 732 1376 homicidium
753 1315 825 1377 tecit
845 1324 898 1377 aut
917 1317 1022 1378 faeere
1043 1316 1161 1394 uoluit;
1184 1319 1247 1381 etsi

49 1445 52 1457 ¹
168 1421 237 1502 ipsa
259 1427 454 1483 sacramenta
476 1418 629 1478 deducere
651 1416 775 1478 minime
798 1438 891 1480 ausus
906 1418 1006 1492 fuerit,
1029 1418 1101 1498 ipsa
1122 1438 1243 1501 persona

168 1525 308 1586 tradatur
330 1531 360 1583 et
381 1527 549 1600 componat
569 1517 687 1581 solidos
710 1525 841 1580 centum.

252 1646 282 1709 5,
326 1641 396 1723 †De
416 1637 650 1719 negotiantibus
671 1657 748 1700 noro
772 1642 934 1702 ambarum
954 1641 1091 1720 partium
1111 1640 1203 1720 stetit,
1220 1649 1243 1704 ut

167 1745 258 1807 liceat
278 1742 434 1824 perfines
456 1749 581 1803 nostros
604 1740 792 1822 principatus
813 1741 912 1804 nostri
932 1743 1144 1805 beneuentani
1159 1763 1240 1825 nego-

167 1846 244 1910 tium
266 1865 356 1908 suum
377 1863 538 1926 peragere,
557 1850 592 1904 et
611 1862 669 1923 per
692 1844 801 1924 quouis
823 1863 950 1929 accessu
973 1845 1058 1925 quod
1079 1845 1165 1907 inter
1179 1863 1236 1927 par·

168 1955 215 2011 tes
235 1947 424 2029 prouenerit,
445 1966 508 2007 non
523 1946 696 2007 debeantur
709 1945 792 2007 laedi
806 1946 856 2026 uel
870 1945 999 2008 detineri
1014 1953 1069 2008 aut
1086 1946 1235 2028 pignorum

169 2057 217 2113 set
237 2049 326 2112 inlesi
347 2051 466 2130 absque
488 2047 591 2128 aliquo
615 2047 750 2126 dampno
774 2048 813 2108 ad
835 2048 963 2128 propria
983 2051 1191 2115 reuertuntur.
1217 2047 1240 2109 Si

168 2152 251 2212 enim
273 2159 304 2214 et
324 2171 382 2231 pro
408 2151 544 2232 qnalibet
570 2147 733 2211 occasione
760 2148 914 2230 pignorati
940 2150 1069 2223 fuerint,
1097 2158 1132 2212 nt
1159 2151 1242 2231 ipsun

168 2253 278 2334 pignus
306 2251 337 2312 in
365 2253 518 2334 integrum
546 2252 726 2313 restituatur
756 2251 815 2327 eis3
845 2258 875 2313 et
902 2259 1085 2331 componat,
1118 2252 1170 2334 qui
1194 2251 1241 2314 hoc

167 2356 272 2417 facere
300 2353 563 2435 praesumpserit,
600 2353 647 2415 cui
674 2352 818 2415 iniuriam
845 2353 968 2426 fecerit,
1002 2353 1122 2418 solidos
1155 2353 1242 2436 uiginti

168 2466 311 2539 quatuor.

251 2571 281 2634 6,
325 2569 395 2649 ³sDe
422 2567 581 2648 fugacibus
610 2567 669 2629 ista
697 2565 793 2639 stetit,
825 2573 858 2626 ut
887 2564 913 2628 si
942 2564 1031 2627 liberi
1059 2573 1115 2628 ant
1140 2565 1240 2628 liberae

166 2670 311 2751 fngierint
334 2688 352 2730 a
377 2669 518 2749 partibus
547 2669 658 2731 uestris
682 2674 712 2730 et
736 2667 825 2728 uobis
853 2667 1095 2744 subiacentibus,
1126 2667 1178 2754 [et]
1203 2680 1239 2729 ros

168 2773 284 2834 alienas
306 2791 412 2833 secum
433 2770 611 2844 detulerint,
640 2790 690 2833 res
712 2770 799 2850 ipsae
820 2769 852 2829 in
872 2769 1025 2849 integrum
1046 2769 1244 2847 restituantur,

168 2881 199 2936 et
219 2873 262 2935 illi
284 2873 353 2946 sint,
382 2871 435 2932 ubi
456 2872 618 2935 noluerint.
662 2872 749 2934 Serui
770 2891 846 2934 uero
870 2877 900 2933 et
922 2870 1061 2945 ancillae,
1087 2871 1115 2934 si
1138 2891 1157 2933 a
1179 2891 1246 2952 par-

167 2976 248 3038 tibus
276 2973 409 3061 [uestris]
437 2974 585 3054 fugerint,
617 2994 636 3036 a
664 2974 821 3055 praesenti
850 2973 899 3034 die
926 2975 1103 3035 reddantur.
1124 2971 1248 3034 dominis

168 3078 231 3141 snis
260 3096 329 3139 cnm
358 3078 451 3138 rebus
479 3076 542 3139 suis
568 3077 600 3138 in
624 3077 794 3157 integrum,
828 3095 908 3157 quae
936 3094 1040 3138 secum
1073 3076 1246 3147 detulerunt,
1280 3106 1283 3111 ·

168 3179 335 3261 accipiente
355 3177 454 3239 iudice
474 3178 534 3244 loci
555 3198 612 3259 per
633 3196 884 3259 unamquamque
905 3194 1075 3258 personam
1095 3176 1163 3238 auri
1179 3175 1249 3238 soliss

167 3283 239 3343 dum
261 3300 356 3342 unum
377 3280 462 3341 iuxta
484 3280 644 3361 antiquam
659 3279 950 3355 consuetudinem1;
972 3297 1045 3340 nam
1060 3298 1126 3354 non
1140 3280 1249 3341 habeat

56 3373 60 3377 ⁴
165 3384 259 3444 iudex
285 3382 440 3443 licentiam
469 3382 599 3463 amplius
630 3382 784 3462 accipere:
820 3382 846 3444 si
879 3389 981 3443 antem
1010 3379 1249 3461 praesumpserit

167 3484 298 3565 amplius
322 3483 475 3564 accipere,
506 3486 632 3557 reddat,
662 3486 747 3564 quod
769 3484 850 3556 tulit,
880 3483 910 3544 in
939 3483 1075 3562 duplum.
1121 3482 1153 3544 Si
1175 3481 1248 3543 euim

167 3586 306 3666 cognitus
327 3586 420 3648 fuerit
441 3605 550 3648 seruus
573 3607 592 3647 a
614 3605 671 3649 suo
694 3586 885 3660 domino,et
904 3584 1023 3647 uenerit
1038 3603 1108 3661 cnm
1124 3581 1249 3663 epistola

167 3695 197 3749 et
218 3687 351 3749 noluerit
372 3706 442 3749 oum
464 3689 596 3748 reddere
617 3689 711 3750 iudex
732 3688 804 3761 loci,
835 3696 865 3749 et
885 3687 1008 3768 fugierit
1033 3693 1087 3748 aut
1115 3693 1249 3748 mortuns

165 3789 258 3850 fuerit
277 3789 345 3868 ipso
367 3810 485 3862 seruus,
512 3797 585 3852 tnnc
606 3790 657 3851 ille
677 3791 770 3850 iudex
791 3789 860 3863 loci,
890 3788 942 3869 qui
963 3787 1062 3850 noluit
1084 3807 1155 3849 eum
1178 3787 1248 3848 red-

166 3891 249 3965 dere,
272 3891 325 3953 det
344 3891 476 3970 pretium
499 3890 564 3954 eius
586 3891 703 3953 solidos
726 3893 782 3966 243
811 3891 854 3952 sic
876 3899 994 3963 tamen,
1024 3898 1058 3953 ut
1079 3890 1106 3953 si
1129 3906 1247 3971 quoquo

165 4000 305 4074 tempore
334 3993 449 4073 ubique
477 3993 508 4053 in
536 3993 708 4074 principatu
730 4002 839 4055 nostro
869 3997 1085 4055 benenuntano
1112 3992 1246 4053 inuentus

161 4177 184 4250 ¹)
204 4175 255 4247 cfr.
275 4183 362 4234 tomen
380 4179 454 4235 nott.
474 4178 537 4230 264.
557 4181 656 4251 lintpr.
676 4178 722 4233 44.
