2574 4710
195 127 197 129 ’
307 112 473 177 EDICTVS
495 113 674 176 ROTHth
695 113 778 181 CAP.
801 116 978 181 248-252.
1156 120 1192 184 51

95 293 207 378 legitur
230 296 314 381 [cop.
337 297 526 382 76...128].
568 299 607 383 Et
629 299 655 361 si
677 307 907 361 sacramentum
931 301 1008 361 dare
1031 321 1093 362 non
1120 320 1199 382 pre-

98 398 274 478 sumpserit,
298 401 381 480 quod
404 418 462 480 per
484 418 624 461 errorem
646 400 843 481 pignerassit,
865 402 978 464 reddat
998 402 1103 482 ipsum
1124 403 1199 485 pig-

46 550 53 567 „
99 519 170 563 num
192 500 224 561 in
248 501 392 582 actogild.

181 605 253 671 249.
297 603 344 664 De
377 612 486 686 greges
521 623 692 684 aequarum
725 623 781 666 seu
813 624 991 684 porcorum.
1062 606 1093 668 Si
1128 605 1197 686 quis

102 722 205 786 greges
229 723 401 785 aequarum
423 725 478 768 seu
493 725 662 786 porcorum
684 706 750 768 sinc
771 706 942 768 iussionem
956 708 1039 787 regis
1061 707 1198 788 pigneris

101 806 223 868 nomine
242 807 415 884 abstulerit,
437 807 489 868 ille
504 808 591 887 prior
611 815 664 870 aut
685 808 843 882 moriatur,
867 817 920 870 aut
941 817 1100 889 conponat
1116 809 1198 871 soli-

101 907 154 970 dos
182 917 380 990 nongentos·
404 909 602 971 medietatem
632 909 698 990 regi
725 918 756 971 et
783 910 980 972 medictatem
1010 911 1058 971 cui
1085 910 1197 992 pignus

101 1010 270 1076 abstulerit.
319 1011 359 1072 Et
385 1012 437 1092 qui
465 1031 534 1073 cum
564 1030 635 1072 eum
661 1011 788 1084 luerint,
817 1012 842 1074 si
870 1019 974 1074 tamen
1003 1012 1092 1073 liberi
1115 1019 1197 1087 suut,

98 1112 312 1193 unusquisque
333 1122 491 1194 conponat
513 1113 629 1176 solidos
653 1121 830 1194 octogenta,
860 1114 1057 1174 medietatem
1080 1115 1199 1195 regist

99 1213 298 1275 medietatem
328 1235 422 1295 quem
449 1216 674 1296 pignerauerit,
704 1224 863 1296 utsupra.
911 1215 950 1277 Et
976 1216 1001 1276 si
1025 1216 1107 1276 serui
1133 1217 1197 1278 do-

100 1315 215 1375 minum
243 1335 335 1377 suum
357 1318 454 1380 secuti
479 1317 606 1391 luerint,
636 1317 667 1378 in
690 1317 906 1398 conpositione
929 1317 1046 1378 domini
1074 1337 1197 1397 conpo-

101 1423 216 1493 tentur;
238 1418 329 1498 culpa
345 1419 427 1480 enim
443 1419 586 1481 dominus
606 1420 687 1493 fecit,
709 1439 782 1481 nam
798 1439 861 1480 non
878 1437 997 1493 seruus,
1022 1418 1074 1498 qui
1090 1418 1198 1480 domi-

96 1537 171 1578 num
193 1538 283 1580 suum
307 1529 429 1583 secutus
452 1530 509 1586 cst.

180 1623 254 1687 250.
299 1621 331 1684 Si
354 1623 422 1702 quis
450 1622 588 1685 caballis
611 1620 763 1694 domitos,
792 1630 845 1684 aut
872 1624 970 1683 boues
999 1639 1055 1683 seu
1082 1641 1196 1686 uaccas

94 1721 168 1802 iugo
191 1722 326 1786 domitas
353 1724 564 1805 pignerauerit
585 1723 652 1786 sinc
678 1723 850 1784 iussionem
871 1723 968 1803 regis,
999 1722 1057 1784 sibi
1078 1742 1196 1785 nonum

91 1824 215 1890 reddat.

183 1927 257 1992 251.
304 1925 336 1988 Si
365 1927 462 1989 homo
495 1927 574 1987 liber
604 1927 655 2007 qui
685 1924 807 1987 debitor
840 1932 906 1997 est,
940 1925 1016 1988 alias
1049 1945 1099 1988 res
1131 1946 1195 1989 non

95 2025 240 2088 habuerit
268 2027 328 2090 nisi
364 2029 503 2092 caballos
536 2029 670 2090 domitos
703 2036 756 2089 aut
790 2028 888 2088 boues
918 2026 1105 2100 iunctorios‚
1140 2047 1196 2095 seu

100 2145 218 2202 uaccas,
243 2136 316 2190 tunc
336 2129 388 2190 ille
410 2131 462 2209 qui
484 2130 621 2190 debitum
644 2129 781 2210 requirit,
803 2128 900 2189 uadat
923 2129 962 2189 ad
985 2128 1142 2192 sculdahis
1165 2137 1197 2192 ct

96 2226 215 2291 intimet
238 2249 366 2293 causam
388 2251 486 2305 suam,
511 2232 582 2312 quia
598 2231 720 2293 debitor
739 2231 837 2312 ipsius
853 2229 929 2292 alias
945 2249 995 2293 res
1011 2250 1074 2291 non
1090 2231 1195 2306 habet,

96 2332 153 2395 nisi
176 2351 258 2413 quae
286 2352 381 2413 supra
402 2333 554 2414 leguntur.
609 2335 693 2393 Tunc
716 2332 873 2395 sculdahis
903 2332 992 2394 tollat
1020 2335 1119 2396 bobes
1142 2339 1196 2395 aut

45 2420 50 2485 l
96 2434 233 2498 caballos
255 2434 353 2514 ipsius
375 2443 406 2496 et
427 2443 524 2514 ponat
546 2454 601 2496 eos
624 2442 698 2514 post
719 2434 919 2507 creditorem,
948 2436 1020 2497 dum
1043 2454 1143 2515 usqua
1165 2434 1195 2496 ci

45 2604 47 2609 ,
93 2534 207 2599 iustitia
229 2537 333 2603 faciat.
375 2536 415 2597 Et
436 2537 462 2598 si
484 2535 641 2599 sculdahis
670 2535 844 2599 dilatauerit
865 2538 984 2610 facere,
1015 2537 1055 2600 sit
1082 2537 1195 2616 culpa-

45 2628 47 2633 ’
95 2639 161 2703 bihs
191 2640 224 2700 in
254 2638 371 2721 palatio
402 2637 484 2717 regis
516 2638 634 2700 solidos
667 2640 723 2714 123
757 2645 787 2699 et
820 2639 935 2701 iustitia
967 2639 1051 2701 facta
1082 2639 1195 2719 pignus

94 2741 283 2805 restituatur.

175 2846 249 2907 252.
293 2841 374 2902 Nulli
400 2841 499 2903 leceat
526 2860 584 2920 pro
613 2840 752 2921 quolebit
780 2841 918 2904 debitum
944 2861 1017 2906 casa
1050 2841 1193 2905 ordinata

94 2942 257 3005 tributaria
278 2942 350 3005 loco
372 2943 508 3023 pigneris
530 2943 654 3014 tollere,
676 2942 735 3003 nisi
758 2947 882 3015 seruus,
906 2944 1047 3015 ancillas,
1071 2962 1192 3016 uaccas,

93 3062 248 3125 pecoras3
285 3045 328 3105 ita
360 3052 393 3106 ut
424 3045 526 3125 ipsum
558 3043 689 3124 pignus,
728 3044 811 3122 quod
843 3042 976 3116 tullerit,
1013 3062 1070 3123 per
1103 3062 1192 3105 suam

94 3147 267 3210 custodiam
309 3147 429 3209 saluum
469 3147 564 3209 faciat
602 3164 702 3225 usque
745 3145 785 3205 ad
825 3144 1022 3223 praefinitum
1059 3151 1192 3224 tempus,

93 3249 168 3313 siem
194 3251 303 3312 subter
329 3250 484 3311 adnexum
519 3255 580 3311 cst:
615 3248 646 3307 id
682 3255 729 3310 est
755 3245 835 3307 inter
861 3265 915 3308 eas
942 3264 1110 3326 personas,
1139 3245 1192 3327 qui

91 3349 169 3414 intra
196 3360 321 3413 centum
355 3350 438 3413 milia
469 3351 548 3425 intra
578 3369 612 3411 se
643 3348 808 3421 habetem,
842 3348 907 3410 dies
930 3347 1046 3429 uiginti.
1100 3347 1139 3410 Et
1165 3349 1192 3411 si

91 3451 169 3515 inira
201 3452 281 3516 istos
320 3453 386 3515 dies
424 3436 531 3533 uiginti
569 3448 637 3531 quis
669 3449 720 3510 ille
752 3449 879 3530 pignum
916 3470 1006 3512 suum
1042 3449 1191 3512 iustitiam

90 3553 207 3617 iaciens
230 3562 262 3616 et
290 3554 426 3616 debitum
453 3555 587 3614 reddens
616 3571 678 3613 non
707 3550 899 3625 liberauerit,
929 3558 960 3613 et
988 3559 1062 3632 post
1081 3559 1192 3614 trans-

93 3659 176 3720 actds
211 3656 318 3737 uiginti
354 3655 421 3717 dies
454 3654 615 3735 contigerit
648 3672 686 3714 ex
718 3652 821 3732 ipsum
854 3653 964 3734 pignus
1003 3652 1191 3732 mancipium

93 3767 143 3821 aut
171 3758 319 3839 quolebet
354 3757 500 3839 piculium
529 3755 609 3817 mori
637 3760 691 3816 aut
715 3754 916 3816 homicidium
954 3760 1007 3816 aut
1040 3754 1188 3815 damnum

91 3858 193 3921 lacere
222 3867 275 3921 aut
301 3859 374 3922 alibi
399 3866 650 3940 transmegrarc,
677 3862 750 3918 tunc
778 3856 901 3918 debitor
920 3855 951 3916 in
981 3875 1072 3917 suum
1095 3855 1190 3916 dam-

90 3978 161 4022 num
182 3969 315 4043 repotet,
338 3961 391 4043 qui
406 3961 533 4042 pignera
555 3980 612 4023 sua
633 3946 766 4020 liberare
789 3957 929 4024 neclexit.
970 3955 1049 4018 Nam
1072 3957 1097 4019 si
1112 3956 1193 4018 inira

951 4059 990 4122 4*
