2574 4710
293 330 462 393 aaronis
482 329 618 403 uacus,
641 350 672 410 p.
695 328 767 392 cnr..
788 332 861 395 ma
1067 333 1126 397 155

63 526 203 591 utonem,
223 537 287 579 non
302 501 510 589 considerant,
532 514 630 595 magis
645 512 736 576 huius
752 512 868 575 saeculi
881 513 1010 587 lucrum,
1032 534 1126 595 quam

63 620 212 682 imarum
237 637 365 681 suarum
390 616 567 678 remedium
595 615 772 687 intendunt,
806 622 836 676 et
867 633 926 695 per
956 615 1126 679 humanam

61 724 176 784 tutiam
198 719 314 782 debiles
325 727 361 781 et
381 738 495 800 egenos
517 719 694 799 opprimere
709 736 773 778 non
788 715 954 792 desistunt;
978 719 1126 799 quoniam

64 823 165 885 ccatis
193 821 375 884 facientibus
404 821 517 889 multos
543 819 688 882 homiues
710 817 908 898 neglegenter
929 827 961 880 et
988 821 1126 884 bumana

63 925 197 1006 piditate
220 923 387 1004 conpulsos
402 923 433 984 in
456 921 592 1004 periurio
615 921 728 983 cadere
750 921 963 1000 cognouimus,
986 942 1024 984 eo
1041 925 1125 1003 quod
1159 1004 1163 1010 Ι

63 1027 186 1088 oriosus
201 1025 322 1088 rothari
337 1045 393 1086 rex
406 1025 438 1086 in
454 1025 544 1086 edicti
562 1023 673 1105 pagiua
687 1023 767 1108 [cap.
780 1021 854 1106 366]
871 1030 1031 1094 statuerat,
1046 1024 1126 1085 inter

63 1128 216 1190 editorem
232 1136 263 1188 et
277 1126 450 1188 debitorem
466 1146 522 1188 sen
537 1125 755 1188 fideiussorem
773 1124 944 1186 intentione
959 1134 1038 1199 orta,
1062 1144 1124 1206 quo

63 1249 128 1291 rore
151 1228 267 1291 uuadia
300 1229 454 1301 dedisset,
492 1238 523 1290 et
555 1227 678 1289 debitor
710 1232 844 1289 statutae
876 1247 991 1298 causae
1022 1230 1125 1289 tinore

63 1331 219 1413 egauerit,
235 1330 391 1392 licentiam
420 1330 448 1390 ei
477 1337 561 1392 esset
591 1337 644 1390 aut
671 1348 729 1410 per
757 1335 956 1410 sagramento
988 1337 1041 1391 aut
1068 1349 1125 1408 per

63 1440 230 1515 grumento
253 1440 306 1493 aut
326 1451 383 1511 per
405 1450 494 1494 arma
508 1431 584 1511 ipso
606 1431 707 1492 tinore
728 1450 853 1512 negare.
897 1431 960 1492 Sed
981 1431 1071 1493 nobis
1094 1438 1125 1493 et

63 1537 145 1600 nstris
172 1534 325 1598 iudicibus
347 1542 444 1614 atque
467 1533 668 1613 langobardis
691 1529 889 1596 adstantibus
907 1533 1021 1596 iustum
1044 1552 1124 1594 con-

63 1637 140 1712 uuit,
163 1645 195 1699 ut
218 1636 279 1697 boc
300 1634 468 1715 periurium
490 1633 581 1696 fieret
600 1642 784 1713 resecatum.

418 1753 550 1833 Explicit
570 1753 728 1834 prologus.

319 1938 458 1999 lNClPlT
479 1937 610 1998 EDICTI
631 1937 830 2004 CAPlTVLA.

68 2131 75 2145 .
109 2079 149 2140 Ut
178 2076 390 2158 unusquisque
415 2077 509 2138 iudex
529 2077 561 2136 in
583 2095 640 2137 sua
669 2048 791 2137 ciuitate
819 2078 932 2138 debeat
960 2077 1070 2138 cotidie
1091 2079 1123 2139 in

109 2179 256 2241 iudicium
278 2179 437 2241 resideret.

63 2289 79 2345 l.
110 2282 158 2342 De
180 2282 292 2361 guadia
315 2299 376 2361 que
399 2279 514 2341 amodo
538 2279 638 2340 datur.

63 2386 82 2447 l.
110 2383 155 2443 De
179 2383 283 2444 liberis
305 2382 436 2455 leminis,
461 2380 512 2461 qui
535 2399 644 2442 seruos
665 2380 753 2444 tollit.

63 2486 80 2548 l.
109 2484 157 2545 De
177 2484 227 2554 bis
251 2483 303 2563 qui
326 2485 364 2544 ad
388 2483 536 2565 palatium
558 2481 817 2562 proclamandum
839 2483 878 2542 de
899 2481 1043 2544 libertate
1066 2504 1123 2546 sua

111 2587 248 2650 ueniunt.
571 2607 572 2610 ’

63 2723 77 2747 ›.
111 2688 157 2748 De
180 2695 266 2748 carta
288 2685 485 2758 uenditionis,
507 2687 589 2745 unde
611 2685 806 2766 naufragium
829 2685 873 2750 fit.

63 2821 76 2855 .,
110 2789 157 2849 De
177 2789 328 2850 iudicibus
351 2788 399 2863 uel
420 2787 559 2868 reliquos
574 2788 718 2850 homines
734 2791 785 2868 qui
802 2789 982 2848 mandatum
997 2788 1123 2854 faciunt.

63 2899 76 2956 ’.
110 2891 157 2951 Ι)ε
178 2890 321 2951 homines
344 2888 396 2968 qui
418 2907 475 2968 per
501 2888 636 2968 singulas
664 2891 801 2952 ciuitates
829 2889 932 2952 zabas'
946 2898 977 2952 et
998 2891 1123 2951 aduna-

112 2992 212 3054 tiones
234 2991 361 3052 faciunt.

63 3095 75 3157 ι’.
112 3095 158 3154 1)ε
188 3093 331 3154 homines
363 3092 415 3172 qui
445 3092 511 3153 sine
540 3092 677 3154 iussione
708 3092 787 3172 regis
820 3101 873 3153 aut
903 3092 995 3153 iudici
1026 3112 1121 3154 causa

112 3195 237 3257 alterius
259 3215 352 3275 agere
378 3193 538 3274 presumit.

63 3320 76 3363 ν.
110 3298 157 3358 Βε
178 3297 321 3358 homines
345 3296 396 3376 qui
419 3302 539 3358 secreta
560 3294 649 3373 regis*
666 3294 911 3374 inuestigauerit.

63 3419 75 3460 ·.
111 3399 157 3458 De
185 3399 348 3459 arimauno
372 3397 424 3478 qui
446 3398 489 3484 ad¹
513 3396 645 3456 iudicem
671 3415 760 3458 suum
781 3395 867 3475 prius
890 3415 952 3470 uon
975 3396 1121 3457 ambula-

112 3501 192 3561 uerit
214 3519 307 3579 quam
329 3501 369 3561 ad
391 3499 551 3580 palatium.

68 3655 77 3669 ,
111 3603 159 3662 De
174 3602 337 3663 arimanno
353 3600 512 3681 quomodo
529 3619 598 3660 cum
612 3597 713 3660 iudice
724 3619 782 3661 suo
799 3599 982 3661 caballicare
998 3600 1120 3666 debeat.

165 3750 168 3757 ν
207 3719 342 3776 lNClPlT
362 3720 519 3777 T-EXTVM
540 3717 645 3775 LEGlS
664 3717 801 3774 anellis
821 3718 941 3774 anais.

110 3873 140 3933 5.
173 3867 196 3933 l.
226 3868 257 3927 Si
287 3867 355 3946 quis
386 3868 502 3928 amodo
523 3867 555 3927 in
582 3867 740 3945 presentia
761 3863 842 3946 regis
864 3864 913 3924 uel
934 3865 1043 3928 iudicis
1066 3884 1121 3928 seu

63 3989 195 4030 »erorum
222 3968 385 4030 bominum
415 3967 640 4048 qualecumque
670 3966 765 4027 modo
786 3967 901 4027 uuadia
926 3967 1058 4040 dederit,
1092 3974 1122 4028 et

63 4080 139 4134 stea
160 4090 276 4151 negare
300 4070 432 4132 uoluerit
459 4069 524 4142 ille,
553 4071 605 4150 qui
631 4068 746 4130 uuadia
774 4067 871 4141 dedit,
897 4069 984 4148 quod
1010 4070 1041 4130 in
1068 4069 1123 4131 tali

63 4191 132 4233 rore
154 4172 268 4233 uuadia
282 4191 344 4233 non
369 4171 506 4244 dedissit,
529 4171 608 4233 sicut
623 4170 674 4231 ille
690 4169 744 4251 qni
760 4169 874 4231 uuadia
891 4170 1025 4251 suscepit
1040 4191 1139 4252 que-.
1248 4254 1250 4259 Ι
