2574 4710
169 107 411 186 ¹LlVl‘PRANDI
431 109 557 170 LEGES
577 109 674 170 ANNl
696 110 789 176 XVII.
813 110 895 176 CAP.
920 113 1094 177 109-111.
1140 114 1196 176 12³

192 295 263 359 109.
285 293 335 357 VI.
378 292 411 354 Si
433 293 502 372 quis
525 293 714 373 permissum
735 294 880 356 habuerit
902 295 941 355 de
957 296 1130 358 deuitorem
1146 306 1210 369 aut.

98 393 323 457 fideiussorem
346 414 454 468 suum,
484 402 518 456 ut
538 415 596 475 per
618 398 700 459 boue
723 405 776 464 aut
802 397 940 463 cauallirs
970 397 1105 459 domitrls
1126 399 1199 480 pig-

97 516 218 558 nerare
250 497 366 577 possit,
401 505 431 558 et
466 497 690 578 pignerauerit,
723 505 755 559 et
785 498 866 561 intra
900 500 1064 561 duodicem
1096 501 1197 564 noctis

95 600 233 680 pignera
266 618 323 662 sua
357 598 479 661 deuitor
512 608 566 662 aut
600 599 769 662 fideiussor
797 600 986 681 recollegere
1018 602 1198 682 neglexerit,

95 708 291 782 potestatem
319 701 451 774 habeat,
485 719 540 764 eas
563 720 690 764 menare
720 702 800 764 sicut
826 711 858 764 et
883 722 957 765 suas
979 705 1139 784 proprias,
1167 714 1198 768 et

96 822 294 883 gouernare:
328 804 407 866 etsi
436 804 551 865 mortui
577 804 685 877 fuerit,
718 824 782 865 non
806 805 1015 884 requirantur.
1068 807 1148 868 Nam
1170 809 1197 870 si

98 905 245 986 pulsatus
271 905 378 979 fuerit,
409 906 494 986 quod
523 905 631 986 iniquo
661 890 765 967 animo
793 907 862 986 plus
890 927 984 986 quam
1011 928 1101 970 suam
1124 909 1197 970 ani-

101 1007 197 1069 malia
220 1008 381 1080 minassit,
416 1007 586 1070 satisfaciat
607 1008 636 1068 ei
664 1008 748 1069 solus
778 1008 817 1069 ad
841 1009 1010 1090 euangelia.
1065 1010 1096 1071 si
1118 1030 1195 1073 uero

101 1128 158 1188 per
179 1111 221 1174 30
243 1107 309 1170 dies
331 1109 390 1171 ista
412 1117 503 1189 parte
523 1110 593 1190 alpe
615 1117 669 1171 aut
690 1129 748 1189 per
769 1111 929 1190 sexaginta
952 1111 1017 1173 dies
1039 1112 1092 1173 illa
1106 1121 1196 1192 parte

101 1210 181 1291 alpis
212 1210 419 1272 dilatauerent
450 1220 480 1273 et
508 1232 572 1273 non
606 1211 846 1274 recollexerent:
880 1213 959 1274 sicut
985 1213 1127 1293 superius
1157 1215 1195 1275 de

103 1333 195 1375 seruo
217 1322 273 1375 aut
295 1313 438 1374 ancillam
461 1313 626 1376 statuimus
651 1314 731 1398 [cop.
756 1313 843 1398 108],
872 1314 916 1377 ita
943 1323 974 1377 et
996 1316 1035 1376 de
1057 1316 1194 1380 cauallds

102 1416 150 1477 uel
171 1418 294 1489 boues,
328 1434 439 1476 aurum
467 1416 519 1476 uel
547 1424 729 1496 argentum,
762 1415 967 1490 uestimenta,
1002 1428 1193 1493 aeramenta,

98 1519 291 1581 ferramenta
317 1525 371 1579 aut
396 1517 543 1579 animalia
569 1519 686 1580 minuta
714 1519 763 1580 uel
792 1519 931 1599 quoleuit
954 1520 1066 1601 pignus
1094 1521 1195 1596 fuerit,

97 1641 168 1684 csse
190 1619 345 1686 cinsimus.

185 1757 340 1824 110.v11.
385 1757 415 1819 Si
444 1757 512 1837 quis
543 1776 669 1819 seruum
707 1759 842 1819 alienum
872 1767 924 1820 aut
954 1760 1097 1822 ancillam
1123 1761 1193 1823 locu

95 1861 234 1942 pigneris
260 1861 412 1932 tenuerit,
447 1865 478 1920 et
498 1859 614 1919 furtum
644 1865 697 1920 aut
722 1858 943 1936 humicidium,
976 1862 1027 1922 uel
1056 1861 1195 1941 quoleuit

97 1963 215 2024 malum
245 1963 370 2038 fecerit,
402 1983 466 2023 non
492 1967 652 2041 reputetur
678 1961 807 2040 proprio
836 1962 979 2034 domino,
1011 1962 1070 2024 nisi
1093 1963 1119 2022 11
1143 1964 1195 2043 qui
1270 2026 1273 2031 Δ

100 2083 170 2126 eum
191 2064 301 2127 tenuit:
333 2065 420 2144 quia,
442 2071 569 2143 posteus
593 2081 663 2122 eum
684 2080 743 2141 pro
765 2063 900 2125 deuitum
923 2083 1014 2125 suum
1036 2082 1194 2144 conprae-

100 2166 206 2240 hinnit,
231 2167 275 2228 sic
296 2167 452 2229 custodire
469 2165 561 2237 deuit,
584 2172 618 2225 ut
639 2163 743 2245 aliquo
767 2165 850 2225 malo
871 2165 975 2226 facere
997 2185 1060 2226 non
1082 2166 1192 2244 possit.

98 2269 132 2330 si
151 2289 230 2331 nero
254 2270 397 2331 ancillam
418 2267 523 2340 fuerit,
546 2272 668 2326 etcum
690 2284 760 2326 eam
781 2265 849 2345 ipse
872 2266 923 2347 qui
944 2266 1117 2347 pignerauit
1139 2277 1194 2330 aut

94 2391 207 2434 seruus
231 2373 297 2433 eius
321 2370 543 2432 adulterauerit
565 2375 635 2429 ante
661 2367 841 2448 prefinitum
863 2369 1079 2443 constitutum,
1108 2371 1192 2449 quod

93 2473 240 2554 superius
267 2473 428 2553 posuimus
456 2473 494 2532 de
521 2470 646 2552 triginta
676 2477 707 2530 et
734 2473 775 2536 60
798 2471 878 2532 dies:
912 2480 1070 2551 conponat
1098 2473 1192 2534 adul-

92 2575 209 2638 terium
230 2575 333 2655 ipsum
357 2572 516 2636 dominum
538 2573 617 2648 eius,
641 2573 726 2636 cuius
749 2573 842 2634 fuerit
862 2574 988 2649 ancilla;
1018 2581 1091 2654 post
1112 2594 1192 2637 con-

93 2677 235 2765 stitutum
257 2697 334 2738 uero
357 2679 397 2742 30
421 2676 471 2737 uel
493 2678 534 2741 60
563 2675 682 2736 dierum
710 2677 861 2756 spatium,
889 2677 928 2738 sit
949 2677 980 2736 in
1002 2684 1191 2758 potestatem

93 2778 163 2842 eius
186 2779 238 2863 qui
260 2779 447 2860 pignerauit‚
471 2778 497 2840 si
517 2777 599 2857 ipse,
628 2777 712 2839 cuius
734 2778 840 2854 fuerit,
869 2778 1057 2859 recollegere
1079 2779 1192 2858 negle-

89 2880 185 2945 xcrit.

183 3019 253 3084 111.
277 3017 353 3086 Vlll.
398 3017 429 3079 Si
451 3016 521 3098 quis
544 3036 670 3078 seruum
698 3024 751 3078 aut
777 3017 958 3079 haldiunem
985 3017 1111 3079 alterius
1134 3037 1191 3097 per

92 3120 274 3183 conludium
296 3118 565 3200 conpraehindere
586 3117 820 3198 presumpserit,
844 3118 974 3179 dicendo
997 3119 1081 3198 quod
1096 3138 1192 3198 super

89 3223 212 3286 furtum
235 3243 325 3284 suum
348 3220 569 3302 conpraesissit
595 3229 648 3282 aut
670 3219 763 3281 tacito
785 3219 816 3280 in
839 3229 957 3282 curtem
979 3239 1069 3282 suam
1090 3219 1189 3282 noctis

90 3333 238 3405 tempore
270 3323 445 3400 inuenissit,
479 3331 510 3385 et
536 3322 698 3384 conludius
730 3323 798 3402 ipse
831 3322 1011 3402 apparuerit
1043 3329 1074 3383 et
1106 3328 1190 3382 certa

90 3426 189 3490 fuerit
219 3425 333 3487 ueritas
363 3426 551 3505 adprouata:
586 3432 743 3504 conponat
764 3424 848 3503 ipse,
878 3425 930 3504 qui
957 3444 1028 3485 eum
1051 3424 1190 3504 adprae-

91 3527 227 3589 hindere
261 3545 319 3606 per
350 3526 446 3587 talem
479 3525 602 3606 ingenio
631 3527 895 3607 praesumpserit,
929 3525 957 3586 ei
983 3526 1068 3588 cuius
1097 3526 1191 3586 fuerit

92 3647 207 3691 seruus
224 3634 278 3689 aut
291 3627 426 3701 haldius,
450 3635 600 3708 quantum
614 3628 683 3708 ipse
698 3646 876 3707 conponere
892 3628 1006 3701 debuit,
1030 3628 1056 3688 si
1070 3631 1190 3707 absque

92 3729 274 3792 conludium
297 3741 350 3791 aut
370 3730 512 3791 fraudem
539 3748 610 3790 eum
632 3729 787 3810 presissit‚
818 3728 848 3788 id
872 3737 920 3790 est
940 3729 1056 3789 furtum
1077 3728 1189 3809 ipsum,

92 3832 181 3914 quod
204 3834 370 3912 querebat,
396 3831 431 3892 in'
462 3832 596 3912 actogild
628 3839 660 3893 et
688 3850 744 3913 pro
771 3830 895 3892 inlecita
924 3830 1190 3910 presumptionem

91 3933 216 3999 solidos
238 3936 278 4000 40
286 3953 296 4011 ;
329 3935 408 3996 etsi
435 3935 551 3995 furtum
580 3954 643 3995 non
664 3932 841 4013 repetierit,
874 3932 933 3994 nisi
965 3933 1004 3992 de
1032 3933 1126 3994 tacito
1158 3933 1189 3992 in
