2574 4710
325 349 492 414 EDICTVS
513 348 692 412 ROTHARI
714 347 796 411 cle.
818 348 932 414 9-14.
1151 343 1188 406 15

90 545 168 597 tunc
188 535 257 616 ipse
280 535 331 616 qui
359 532 516 597 accusauit
537 541 569 596 et
590 551 726 614 prouare
747 551 811 593 non
832 531 947 611 potuit,
969 529 1110 611 uuergild
1132 547 1190 591 suo

91 644 263 718 conponat,
286 636 484 699 medictatem
499 636 574 718 regi,
590 643 620 699 et
635 634 832 696 medietatem
856 633 903 694 cui
915 631 1031 693 crimen
1047 631 1192 693 iniectum

89 739 195 805 luerit.

183 843 230 906 10.
276 840 307 901 Si
330 840 398 920 quis
420 841 517 902 homo
540 839 619 901 liber
639 840 671 901 in
694 847 796 900 morte
824 838 949 900 alterius
973 833 1192 907 consiliauerit,

94 949 126 1004 et
148 961 188 1003 ex
208 942 280 1022 ipso
304 942 433 1005 consilio
453 949 597 1008 ¹mortuos
619 960 682 1002 non
705 941 806 1015 luerit,
829 949 902 1002 tunc
922 940 990 1019 ipse
1012 937 1193 1000 consiliator

94 1051 255 1126 conponat
277 1043 396 1107 solidds
418 1043 534 1125 uiginti.

182 1147 232 1212 11.
275 1146 322 1206 De
344 1145 471 1207 consilio
499 1145 618 1211 mortis.
669 1145 701 1206 si
722 1144 857 1207 hominis
884 1143 972 1205 liberi
997 1142 1078 1204 inter
1106 1161 1141 1204 se
1162 1142 1193 1202 iu

94 1255 199 1309 morte
222 1247 348 1310 alterius
378 1247 610 1309 consiliauerint
637 1247 703 1310 sine
731 1247 812 1328 regis
836 1245 983 1319 consilio,
1012 1253 1043 1307 et
1064 1263 1103 1305 ex
1123 1244 1194 1324 ipso

94 1356 229 1412 tractato
246 1357 385 1411 mortuus
408 1369 471 1410 non
492 1349 596 1423 fuerit,
618 1357 776 1432 conponat
789 1349 1011 1429 unusquisque,
1034 1355 1067 1409 ut
1089 1366 1194 1427 supra,

96 1452 216 1514 sohdos
245 1451 368 1532 viginti3
399 1459 429 1513 et
451 1451 478 1513 si
499 1471 538 1512 ex
564 1451 634 1532 ipso
663 1453 792 1514 consilio
821 1461 961 1514 mortuus
990 1449 1095 1521 fuerit,
1122 1456 1196 1511 tunc

96 1553 150 1614 ille
172 1553 223 1634 qui
241 1553 399 1615 homicida
422 1561 470 1617 est
491 1561 649 1634 conponat
662 1554 765 1635 ipsum
780 1563 937 1615 mortuum
957 1553 1036 1616 sicut
1055 1552 1197 1632 adprae-

99 1654 190 1718 tiatus
210 1654 313 1728 fuerit,
334 1655 366 1716 id
388 1663 436 1717 est
457 1656 607 1736 uuergild.

186 1759 234 1822 ta.
280 1756 312 1818 Si
327 1758 389 1818 duo
406 1765 459 1819 aut
472 1765 535 1820 tres
549 1757 663 1820 suerint
676 1757 811 1821 hominis
834 1778 891 1820 seu
905 1759 1037 1841 amplius
1052 1758 1150 1833 liberi,
1167 1766 1198 1820 et

98 1859 302 1922 homicidium
316 1859 555 1938 penetrauerint‚
578 1867 609 1921 et
622 1860 778 1921 noluerint
792 1881 826 1922 se
848 1863 986 1924 adunare
1009 1871 1042 1923 ut
1056 1862 1087 1922 in
1102 1882 1197 1922 unum

97 1967 282 2041 conponant
303 1960 380 2023 sicut
394 1961 622 2040 adpraetiatum
643 1961 743 2035 luerit,
766 1962 806 2024 sit
827 1962 871 2024 eis
888 1964 1044 2025 adunandi
1064 1963 1197 2025 licentia.

97 2064 139 2125 Et
162 2064 188 2126 si
212 2062 323 2143 aliquis
340 2081 375 2124 se
397 2063 437 2122 de
458 2063 534 2143 ipsis
551 2063 739 2124 subtraxerit
761 2072 792 2124 et
813 2084 877 2126 non
893 2067 1029 2146 potuerit
1051 2088 1085 2130 se
1099 2087 1199 2148 pure-

96 2165 197 2227 ficare
224 2163 303 2226 sicut
329 2163 379 2224 lex
408 2163 518 2237 habet,
550 2165 633 2244 quod
661 2184 719 2224 nec
745 2165 839 2246 plaga
869 2186 926 2228 nec
956 2168 1047 2230 fenita
1074 2170 1198 2250 inipso

98 2265 229 2327 homine
252 2264 304 2345 qui
326 2264 446 2327 occisus
469 2273 601 2327 estnon
623 2265 752 2337 fecissit,
776 2275 848 2327 tunc
870 2268 909 2329 sit
930 2269 1099 2349 culpabiles
1122 2270 1201 2333 sicut

105 2374 135 2428 et
160 2367 239 2429 alius
272 2364 325 2448 qui
353 2385 424 2427 eum
451 2366 615 2447 conposuit
638 2366 708 2450 [cfr.
732 2387 802 2446 cop.
825 2368 908 2453 263}
944 2370 1030 2432 Etsi
1053 2373 1200 2452 sepuri-

103 2469 260 2542 licauerit,
291 2468 330 2529 sit
351 2470 509 2531 exsolutus
533 2487 551 2530 a
574 2468 663 2548 culpa
684 2468 858 2535 homicidii.
887 2471 917 2531 Si
938 2478 1043 2534 tamen
1065 2474 1097 2534 in
1120 2493 1199 2535 con-

103 2571 172 2634 silio
194 2570 265 2644 fuit,
289 2579 461 2650 conponat,
483 2577 648 2650 utsupra,
674 2570 793 2633 solidos
814 2571 933 2652 uiginti,
961 2583 1014 2638 aut
1036 2584 1138 2638 certe1
1162 2577 1202 2636 de

101 2674 173 2754 ipso
189 2671 319 2734 consilio
343 2691 377 2734 se
398 2670 532 2751 purificit
553 2671 580 2734 si
601 2674 745 2752 potuerit.

190 2777 241 2841 13.
292 2772 324 2834 Si
351 2773 420 2854 quis
448 2772 608 2835 dominum
636 2797 725 2837 suum
755 2776 915 2850 occiderit,
944 2778 1011 2859 ipse
1033 2780 1202 2848 occidatur.

103 2879 136 2939 Si
160 2877 229 2958 quis
257 2876 361 2956 ipsum
388 2874 578 2936 homicidam
611 2876 776 2940 defensare
802 2879 936 2941 uoluerit
963 2880 1015 2960 qui
1042 2882 1203 2943 dominum

104 2999 196 3042 suum
219 2977 380 3050 occiderit,
403 2977 442 3038 sit
471 2976 652 3056 culpabilis²
681 2977 800 3041 solidus
827 2980 1050 3062 noningentos,
1081 2984 1205 3044 medie-

104 3088 203 3143 tatem
236 3079 318 3160 regi‚
357 3077 556 3139 medietatem
590 3079 771 3157 parentibus
801 3083 930 3157 mortui;
970 3091 1001 3144 et
1037 3084 1089 3164 qui
1122 3084 1202 3147 illius

104 3181 222 3244 mortui
244 3181 388 3243 iniuriam
409 3179 628 3242 uindicandam
651 3180 852 3260 denegaucrit
873 3183 1004 3257 solacia,
1034 3185 1059 3246 si
1079 3184 1204 3265 quidem

104 3291 236 3364 rogatus
263 3282 367 3354 luerit,
399 3280 610 3362 unusquisque
639 3289 797 3361 conponat
823 3283 941 3345 solidos
965 3284 1203 3366 quinquagenta,

106 3386 309 3447 medietatem
329 3384 404 3464 regi,
428 3392 458 3446 et
479 3383 678 3444 medietatem
700 3383 747 3444 cui
771 3384 889 3446 solacia
912 3386 1120 3465 denegaucrit.

195 3490 245 3555 14.
287 3487 334 3548 De
355 3486 458 3553 morh.
502 3484 533 3547 Si
556 3485 623 3566 quis
645 3485 846 3547 homicidium
866 3486 897 3547 in
924 3488 1078 3550 absconse
1104 3508 1206 3570 pene-

105 3589 239 3652 trauerit
264 3588 296 3650 in
322 3591 442 3650 barone
471 3587 585 3661 libero,
618 3595 670 3649 aut
697 3607 790 3650 seruo
827 3589 878 3649 uel
907 3587 1033 3663 ancilla,
1071 3598 1102 3652 et
1127 3612 1205 3655 unus

107 3692 202 3754 fuerit
224 3698 277 3752 aut
300 3690 361 3751 duo
383 3696 514 3762 tantum,
530 3689 583 3769 qui
603 3688 705 3770 ipsum
721 3689 920 3752 homicidium
932 3690 1069 3766 fecerint,
1091 3693 1208 3754 nonin-

108 3802 221 3876 gentos
237 3792 356 3855 solidos
372 3799 540 3872 conponat.
577 3790 608 3853 Si
629 3810 706 3852 uero
728 3793 835 3872 plures
856 3791 978 3866 fuerint,
1002 3794 1027 3856 si
1047 3794 1208 3875 ingenuus,

110 3895 246 3978 qualiter
275 3893 306 3954 in
337 3892 583 3974 angargathungi
615 3893 718 3973 ipsum
751 3893 952 3955 homicidium
980 3903 1152 3976 conponat;
1182 3896 1209 3957 si

111 4018 222 4062 seruus
246 3995 467 4068 authbertus,
498 4000 656 4074 conponat
681 3993 784 4073 ipsum
811 4003 845 4058 ut
874 3996 1085 4078 adpraetiatus
1107 3996 1209 4062 fuerit.

115 4223 136 4293 ¹)
158 4231 230 4279 certe
250 4220 327 4278 labet
344 4220 441 4289 Scn9.;
460 4233 511 4275 om.
531 4220 609 4275 codd.
628 4218 702 4276 l'erc.
720 4218 800 4289 Epor.
822 4217 885 4274 Coo.
959 4217 979 4290 Β)
999 4221 1038 4276 sic
1056 4219 1137 4288 Scap.

84 4400 109 4431 ae
