2574 4710
95 357 155 420 182
378 351 503 413 LEGES
524 350 890 414 IANGOBARDORVM.

93 539 188 600 audet
213 536 301 617 prior
327 536 367 596 de
398 555 497 617 capua
525 535 629 598 faeere
654 536 758 597 iurare
784 543 848 597 tres
879 535 1023 598 homines
1051 535 1091 601 de
1119 554 1180 609 sex,

94 640 203 722 quales
224 658 298 719 pars
315 639 355 699 de
374 637 531 718 neapolim
554 637 710 719 quesierit,
732 637 853 698 dicente
866 656 924 717 per
938 644 1179 701 sacramentum:

93 741 195 817 „Quia
215 740 295 802 istae
315 747 419 802 terrae
435 758 512 821 quas
535 751 655 820 emptas
678 740 798 801 hahere
819 739 927 814 dicitis,
949 741 989 801 de
1002 739 1063 802 illis
1077 740 1182 802 homi-

93 842 183 906 nihus
205 843 342 916 fuerunt,
373 842 425 923 qui
447 860 573 903 censum
594 841 794 902 reddiderunt
815 841 847 901 in
869 860 983 922 capua,
1009 849 1041 903 et
1063 841 1109 904 sie
1129 861 1181 905 eos

93 947 270 1008 habnemnt
300 944 464 1006 comitatus
501 963 674 1024 capuanus,
712 942 791 1006 sieut
823 942 901 1006 alios
942 943 1115 1006 massarios
1130 1016 1133 1020 ¹
1146 945 1182 1005 de

93 1047 263 1123 liburias“;
291 1048 425 1127 [deero
445 1066 507 1109 ooo
527 1049 637 1124 audet,
663 1045 871 1130 sacramento]
900 1048 1091 1108 ahherentnr
1119 1045 1181 1126 ipse

95 1150 232 1213 cartulae
253 1167 273 1209 a
293 1148 392 1210 tribus
417 1147 595 1210 hominihus
617 1147 657 1208 de
684 1166 756 1221 sex,
791 1148 898 1227 quales
926 1168 1001 1229 pars
1024 1147 1065 1208 de
1087 1165 1182 1227 eapna

96 1250 279 1332 quaesierit3
309 1258 340 1312 et
368 1249 396 1312 si
420 1249 554 1311 uoluerit
579 1269 654 1330 pars
688 1250 728 1310 de
752 1267 852 1328 capua
877 1251 1011 1311 reddere
1037 1249 1121 1314 med.
1147 1250 1182 1310 de

93 1352 154 1434 ipsi
183 1352 288 1426 solidi,
320 1370 399 1433 quas
425 1351 513 1432 ipsae
538 1350 677 1412 cartulae
699 1350 873 1423 eontinunt,
901 1352 1080 1413 diuidantur
1100 1351 1183 1431 ipsae

94 1462 197 1517 terrae
224 1473 283 1534 per
313 1454 411 1530 med.;
441 1461 472 1515 et
500 1452 527 1514 si
542 1452 688 1516 noluerit
715 1453 849 1513 reddere
870 1455 951 1521 med.
974 1455 1014 1514 de
1035 1453 1098 1534 ipsi
1118 1454 1181 1527 sol,

95 1556 273 1618 diuidantur
300 1555 389 1635 ipsae
419 1562 524 1616 terrae
551 1555 582 1615 in
614 1555 737 1617 tertiam
769 1562 904 1634 partem:
937 1576 1033 1618 unam
1065 1563 1181 1637 partem

95 1658 185 1722 tollat
199 1657 310 1720 exinde
326 1675 401 1736 pars
416 1658 456 1717 de
475 1657 631 1737 neapolim
653 1676 712 1737 pro
733 1656 803 1735 ipsa
824 1655 1018 1737 hospitatura,
1042 1663 1074 1718 et
1095 1657 1180 1720 aliam

95 1779 154 1840 pro
176 1759 237 1840 ipsi
258 1758 364 1832 solidi,
389 1758 512 1821 tertiam
533 1765 654 1838 partem
675 1758 763 1820 tollat
785 1758 895 1819 exinde
916 1781 990 1841 pars
1013 1760 1055 1820 de
1077 1778 1179 1839 capua.

181 1863 243 1927 11..
275 1861 306 1922 Si
331 1860 425 1922 horta
451 1859 544 1920 fuerit
568 1859 697 1922 intentio
724 1861 763 1920 de
789 1859 896 1924 fundis
925 1861 1130 1935 exfundanis,
1156 1868 1176 1924 e

96 1962 208 2025 dixerit
228 1982 290 2025 una
311 1981 401 2044 pars:
430 1961 524 2043 „quia
543 1962 604 2025 ista
625 1962 758 2024 fundora
780 1962 819 2022 de
840 1962 951 2026 talibus
972 1962 1176 2025 tertiatonhns

95 2066 250 2145 fuerunt“,
278 2071 308 2127 et
337 2063 398 2126 alia
427 2083 503 2144 pars
533 2063 659 2125 dixerit:
693 2063 787 2144 „quia
818 2084 881 2126 non
912 2064 1038 2126 fuerunt
1070 2064 1112 2126 de
1138 2063 1178 2126 his

95 2165 284 2238 tertiatoriis‚
307 2186 384 2247 qnos
408 2165 515 2238 dicitis,
537 2167 594 2229 sed
617 2167 656 2226 de
677 2165 742 2228 istis
764 2165 896 2240 fuerunt,
926 2186 1003 2248 quos
1026 2185 1086 2228 nos
1110 2166 1180 2227 diei-

96 2279 196 2342 mus“,
225 2288 289 2330 non
311 2269 352 2331 sit
372 2268 445 2330 inde
466 2275 709 2341 sacramentum,
734 2276 769 2329 nt
793 2270 855 2328 un'a
884 2267 1040 2348 quaelihet
1060 2287 1135 2348 pars
1154 2267 1179 2329 in

96 2369 263 2450 periurium
297 2371 409 2431 exinde
440 2369 592 2446 incurrat3
622 2369 795 2449 inquiratur
827 2369 988 2450 diligenter
1014 2371 1055 2431 ad
1085 2369 1180 2452 qualia

96 2471 284 2552 hospitatiea
305 2472 429 2533 fuerunt
449 2471 634 2552 pertinentia
657 2471 833 2552 antiquitus,
856 2479 887 2533 ot
901 2481 975 2534 tune
991 2472 1060 2534 sine
1076 2491 1181 2535 saera-

98 2582 234 2635 mentnm
257 2582 288 2636 et
309 2574 444 2653 periurio
466 2574 580 2654 poterit
599 2574 672 2635 inde
694 2592 765 2636 esse
785 2573 867 2639 finis.

183 2679 231 2740 12.
275 2675 306 2736 si
328 2666 458 2738 censiles
485 2675 581 2737 homo
609 2677 648 2736 de
675 2675 794 2737 lehuria
819 2675 935 2755 patitur
962 2675 1179 2756 oppressiones

49 2835 52 2838 ,
98 2796 117 2839 a
138 2785 229 2857 parte
251 2778 290 2838 de
310 2777 476 2857 neapolim,
499 2784 531 2839 et
551 2777 684 2840 uoluerit
706 2764 876 2839 exiundare
891 2796 925 2840 se
940 2778 979 2837 de
992 2776 1064 2857 ipso
1079 2777 1181 2853 fundo,

97 2878 185 2959 ponit
204 2887 277 2958 post
297 2878 415 2959 regiam
437 2880 548 2942 domus
570 2899 647 2942 suae
667 2878 770 2959 ipsum
796 2878 926 2953 fustem,
954 2879 1032 2942 sieut
1059 2880 1183 2961 antiqua

97 2980 155 3042 fuit
182 2981 392 3054 consuetudo,
421 2987 453 3042 et
477 2980 563 3043 uadit
588 2981 640 3042 uhi
666 2981 808 3047 uoluerit.
856 2981 887 3042 Si
914 2988 1017 3043 autem
1043 3000 1119 3061 pars
1148 2982 1184 3043 de

98 3082 254 3162 neapolim
275 3101 343 3143 eum
363 3091 453 3163 parte
472 3083 737 3165 langobardorum
755 3083 890 3163 potuerit
911 3076 1063 3144 renoo'are
1084 3083 1184 3164 ipsum

97 3184 290 3246 tertiatorem
305 3186 335 3246 in
355 3184 457 3264 ipsum
476 3185 615 3258 fundum,
638 3192 670 3246 et
681 3185 812 3247 fundare
826 3184 912 3246 illum
925 3185 977 3258 ihi,
998 3191 1184 3264 potestatem

98 3283 249 3359 habeant,
272 3293 302 3347 et
323 3286 439 3349 seruiat
460 3288 612 3349 ambobus
633 3296 738 3368 partes
760 3287 837 3349 siout
859 3295 950 3348 antea
971 3286 1109 3349 seruiuit.
1149 3287 1185 3349 Et

99 3386 126 3447 si
141 3387 264 3448 aliunde
286 3388 416 3450 uoluerit
430 3388 472 3449 ibi
493 3388 651 3450 hominem
671 3389 812 3462 fundare,
834 3394 1020 3469 potestatam
1033 3389 1184 3465 habeant3

99 3488 177 3550 etsi
199 3488 261 3551 hoe
282 3489 385 3552 faeere
406 3510 470 3552 non
492 3490 663 3570 potuerint,
692 3497 829 3552 autnon
851 3490 1020 3564 noluerint,
1049 3490 1186 3553 diuidant

98 3589 178 3651 iuter
199 3610 234 3652 se
255 3590 385 3652 fundum
406 3599 438 3655 et
457 3592 547 3655 terris
570 3592 677 3673 ipsius.
846 3577 849 3583 ’
1004 3676 1006 3680 ³

186 3692 233 3758 13.
277 3692 308 3752 Si
329 3693 497 3758 liburianus
520 3698 629 3758 serbus
646 3697 684 3755 de
703 3694 901 3775 langobardis
922 3697 1061 3758 mortuus
1085 3694 1184 3767 fuerit,

99 3793 215 3856 habeat
240 3794 307 3875 ipse
334 3795 542 3877 langobardus
570 3797 601 3857 in
629 3803 784 3878 potestate
805 3816 862 3858 sua
891 3817 999 3860 ornnes
1021 3816 1072 3860 res
1094 3797 1184 3865 illius.

186 3897 233 3962 11.
276 3897 322 3958 De
344 3899 442 3962 seruis
471 3893 682 3961 communibus
703 3898 747 3960 ita
768 3897 838 3960 fiat:
872 3899 904 3960 Si
927 3899 1035 3961 exierit
1056 3901 1096 3961 de
1116 3901 1184 3981 ipso

100 3996 196 4058 fundo
220 4017 329 4062 seruus
351 4000 431 4080 ipse,
462 4008 492 4062 et
517 4001 644 4063 intentio
673 4003 712 4061 de
738 4019 775 4060 eo
803 4001 897 4063 horta
924 4001 1029 4075 fuerit,
1060 4011 1094 4065 ut
1120 4003 1186 4084 ipse

40 4091 44 4101 '
100 4098 311 4180 langobardus
349 4121 419 4163 oum
458 4103 531 4163 inde
565 4103 747 4176 mohuisset,
787 4111 840 4165 aut
873 4105 913 4165 ad
951 4123 1077 4166 manum
1116 4124 1184 4166 eum

66 4194 70 4201 ⁴
102 4201 373 4281 apprehendisset:
401 4203 427 4265 si
449 4224 511 4266 non
532 4206 625 4266 audet
646 4205 748 4267 iurare
769 4201 837 4286 ipse
859 4198 1079 4287 langobardus,
1103 4206 1184 4287 quod
