2574 4710
510 335 675 398 EDICTUS
697 335 884 402 ROTHARI.

272 521 342 582 Fuit
362 520 481 600 primus
502 539 558 581 rex
581 520 792 601 agilmund,
816 541 853 582 ex
876 539 989 601 genere
1012 521 1172 602 gugingus.

165 669 168 678 .
275 622 434 683 Secundus
456 621 651 688 laamisio.

275 723 396 786 Tertius
419 722 513 789 leth.

276 825 412 900 Quartus
434 824 632 899 kildeoch,
654 823 736 887 filius
759 825 833 890 leth.

275 927 406 1002 Quintus
430 927 622 1007 gudeoch,
644 925 726 989 filius
749 927 904 992 kildcoch.

276 1029 387 1090 Sextus
410 1028 549 1102 claffo,
570 1027 654 1092 filius
676 1028 828 1110 gudeoch.

275 1129 430 1211 Septimus
453 1136 553 1205 tato,
581 1129 662 1193 filius
690 1131 826 1211 glaffoni.
876 1131 953 1191 Tuto
983 1137 1013 1191 et
1040 1130 1169 1211 uuinigis
1195 1130 1251 1191 filii

319 1231 453 1297 claffoni.

277 1333 415 1395 Octabus
437 1332 605 1406 ¹uuucho,
627 1332 710 1396 filius
732 1334 872 1414 uuinigis,
895 1353 993 1413 nepus
1016 1335 1123 1395 tatoni.

277 1436 385 1497 Nonus
408 1433 615 1496 uualthari.

277 1536 422 1598 Decimus
446 1536 600 1607 audoin,
624 1555 662 1597 ex
685 1555 798 1617 genere
820 1556 946 1617 geusus.

277 1637 462 1700 Undecimus
491 1637 637 1711 alboin,
666 1636 748 1699 filius
772 1639 901 1712 audoin,
929 1640 981 1720 qui
1009 1640 1190 1710 exercitum,
1218 1646 1252 1699 nt

322 1757 425 1819 supra,
447 1738 586 1800 initalia
609 1739 746 1804 adduxit„

277 1840 487 1902 Duodecimus
510 1840 612 1920 clep,
636 1860 674 1902 eu
697 1861 810 1921 genere
831 1842 949 1907 beleos.

279 1942 538 2004 Tertiusdecimus
562 1941 735 2016 authari,
757 1941 839 2004 filius
862 1943 939 2023 clep.

279 2043 554 2120 Quartusdecimus
576 2043 713 2124 agilulf
716 2089 724 2116 ,
747 2044 895 2125 turingus,
918 2065 957 2105 ex
973 2063 1086 2126 genere
1101 2064 1250 2110 anauues.

279 2144 551 2221 Quintusdecimus
575 2145 800 2220 adaluuald,
822 2145 904 2208 filius
927 2146 1043 2227 agilulf.

279 2246 529 2310 Sextusdecimus
551 2245 779 2320 hariuuald‚
803 2268 976 2329 exgenere
999 2269 1125 2329 caupus

280 2348 573 2429 Septimusdeoimus
611 2367 681 2429 ego
709 2349 746 2409 in
774 2351 839 2410 dei
866 2351 1016 2412 nomine
1047 2352 1108 2429 qui
1136 2371 1252 2431 supra

321 2450 493 2512 hrotarit
515 2468 599 2521 rex,
627 2447 708 2511 filius
729 2451 890 2529 nandinig,
911 2469 950 2510 ex
971 2469 1084 2529 genere
1101 2451 1252 2517 harodos

321 2550 475 2630 Nandinig
503 2549 585 2610 filius
619 2550 779 2622 uoctzoni,
807 2558 916 2612 noctzo
951 2550 1033 2612 filius
1062 2552 1251 2626 adhamund,

323 2651 502 2712 adhamund
539 2649 621 2712 filius
657 2650 795 2723 alaman,
835 2652 958 2713 alaman
995 2651 1076 2713 filius
1115 2653 1251 2727 hiltzoni,

321 2752 415 2814 hilizo
438 2750 519 2813 filius
542 2752 714 2826 uuehiloni,
748 2751 872 2814 uuchilo
899 2752 981 2816 filius
1010 2756 1136 2828 uueoni,
1170 2776 1251 2817 uueo

322 2853 404 2916 filius
426 2852 649 2926 fronehononi,
676 2853 851 2916 fronehono
874 2855 955 2918 filius
978 2856 1117 2930 fachoni,
1140 2858 1251 2918 iaccho

322 2955 404 3016 filius
427 2954 607 3027 mammoni,
630 2975 767 3017 mammo
789 2955 871 3018 filius
893 2960 1032 3021 ustbora.

440 3053 623 3136 uxruion
645 3074 800 3137 nomm
820 3078 970 3142 unovn.

323 3175 465 3238 menn
488 3175 679 3238 menum
699 3177 752 3238 un
774 3178 1082 3252 inonuunuvnu.

158 3334 185 3398 1.
209 3330 242 3392 Si
265 3332 333 3412 quis
357 3339 465 3395 contra
488 3333 622 3395 animam
646 3334 707 3397 reis
730 3334 947 3400 consiliouerit.

156 3435 185 3497 2.
209 3432 241 3494 Si
264 3433 332 3513 quis
356 3454 425 3495 cum
447 3453 520 3517 rege
543 3437 582 3496 de
604 3444 705 3496 morte
726 3435 944 3501 consiliauerit.

156 3535 185 3599 3.
209 3533 242 3594 Si
264 3536 332 3615 quis
354 3535 494 3598 inimicos
517 3536 597 3597 iutra
618 3536 810 3616 prouinciam
832 3536 1016 3604 inuitauerit.

156 3637 186 3702 4.
209 3633 240 3695 Si
264 3635 331 3715 quis
353 3637 430 3699 foris
452 3638 647 3718 prouinciam
667 3637 774 3717 fugere
795 3639 969 3704 tentaucrit.

156 3740 186 3804 5.
210 3736 241 3798 Si
264 3737 332 3817 quis
355 3757 514 3801 scamaras
536 3738 617 3800 intra
638 3738 830 3818 prouinciam
853 3740 1008 3802 celauerit.

156 3841 186 3905 6.
209 3837 241 3899 Si
264 3837 330 3919 quis
352 3838 384 3898 in
407 3839 543 3901 exercitu
564 3840 753 3902 sedicionem
775 3841 895 3908 lauerit.

156 4014 179 4074 ¹)
206 4007 291 4063 Huius
315 4009 409 4062 indicis
435 4013 522 4078 cupita
550 4008 685 4083 1-181,
717 4027 774 4065 cum
804 4011 981 4067 Vercellenses
1009 4014 1120 4068 lacunae
1146 4015 1253 4068 aliunde

76 4164 81 4172 Ι
157 4101 304 4169 explendae
323 4105 420 4170 essent,
441 4115 476 4154 ec
495 4102 586 4156 codice
604 4103 736 4174 Vaticano,
758 4107 844 4171 cupita
866 4101 1008 4156 183-216
1029 4118 1065 4157 ec
1086 4104 1253 4173 Vercellenu)

154 4189 301 4243 217-247
319 4205 355 4262 ee
375 4189 504 4264 (iuliano,
524 4190 672 4246 eeu-388
690 4208 726 4249 ec
750 4193 907 4249 Vercellensi
922 4193 1105 4265 proferuntur.
