2574 4710
101 342 160 409 170
369 341 539 441 unrcrvs
557 341 921 411 cunconnnuouvu.
956 299 959 304 ⁴

98 506 223 589 sed'sit
249 527 369 607 quietus
398 527 437 589 ad
464 525 627 625 duodecim
656 526 720 588 dies
749 537 841 590 antea
869 538 900 591 et
927 529 1093 590 duodecim
1118 530 1179 593 dics

98 638 217 709 postca,
241 636 406 709 postquam
421 629 459 688 de
482 629 649 689 exercitum
671 629 763 690 fuerit
784 650 937 693 reuersus.
973 631 1005 693 Si
1025 639 1131 692 autem
1147 633 1180 692 de

99 731 165 793 aliis
191 731 345 792 iudicariis
371 731 476 803 fuerit,
510 730 648 793 similiter
677 731 715 792 sit
741 732 875 810 spatium
901 733 942 793 ad
971 733 1037 795 dies
1067 733 1178 813 uiginti.

99 833 176 893 Nam
197 833 223 895 si
245 833 312 913 quis
334 833 414 894 intra
435 833 495 895 ista
517 833 618 913 spatia
638 833 855 913 pignerauerit,
877 843 1036 914 conponat
1055 835 1178 916 pignera

96 935 174 1015 ipsa,
197 935 274 997 sicut
296 935 348 1015 qui
370 943 478 996 contra
499 934 670 1018 irationeml
693 936 802 1015 pignus
826 937 1005 1006 abstulerit„

180 1058 229 1119 22.
277 1053 359 1115 XIII.
396 1055 426 1116 Si
454 1054 655 1135 quiscumque
680 1054 776 1116 homo
806 1075 863 1135 pro
892 1058 1066 1119 bonitatem
1097 1076 1174 1118 suam

97 1157 248 1218 introierit
273 1156 304 1216 in
335 1155 460 1218 seruitio
489 1157 528 1217 de
556 1157 688 1223 iudicem
716 1165 770 1218 aut
797 1158 836 1217 de
862 1156 923 1218 alio
942 1147 1127 1231 homiuem,
1150 1166 1175 1220 et
1210 1176 1213 1183 ·

98 1258 279 1320 descruierit
300 1258 327 1318 ei
349 1257 400 1319 uel
421 1259 461 1319 ad
482 1257 564 1321 filius
587 1260 693 1320 autad
716 1266 845 1338 nepotes
866 1259 973 1339 ipsius,
996 1269 1027 1323 et
1042 1261 1175 1323 claruerit

97 1355 227 1436 ueritas,
255 1361 338 1439 quod
359 1367 504 1440 parentes
528 1361 592 1422 eius
615 1361 714 1423 ornnis
737 1360 825 1421 liberi
851 1360 987 1435 fuissint,
1017 1369 1049 1422 ct
1075 1371 1175 1440 postca

97 1480 167 1534 eum
189 1461 220 1520 in
242 1460 367 1522 seruitio
390 1462 537 1523 detenere
559 1456 698 1535 uoluerit,
722 1463 852 1523 dicendo
875 1465 959 1543 quod
982 1482 1040 1543 per
1061 1462 1175 1543 triginta

97 1581 196 1624 annos
219 1563 246 1622 ci
267 1563 319 1623 uel
339 1571 483 1642 parentes
507 1564 572 1626 eius
595 1564 797 1639 deseruisset,
827 1584 891 1624 non
913 1565 1013 1644 possit
1035 1584 1106 1626 eum
1127 1585 1175 1645 per

94 1664 155 1726 ista
177 1649 408 1743 possessionem
431 1675 554 1741 tenere3
577 1667 650 1747 quia
671 1666 851 1746 inpossibile
874 1674 930 1739 est,
953 1675 985 1728 et
1006 1675 1116 1728 contra
1133 1668 1173 1727 dci

96 1774 290 1846 preceptum,
318 1768 390 1827 dum
412 1768 512 1830 omnis
535 1769 600 1830 eius
625 1776 771 1848 parentes
797 1768 885 1829 liberi
911 1777 1032 1841 essent,
1065 1777 1097 1830 ut
1117 1769 1172 1848 ipsc

96 1869 195 1941 solus,
228 1867 279 1947 qui
300 1868 494 1931 uoluntarIae
516 1870 695 1943 deseruiuit,
721 1870 753 1930 in
774 1870 900 1932 seruitio
922 1871 1107 1931 deteneatur
1126 1890 1168 1950 pro

97 1969 165 2032 sola
194 1971 404 2050 possessione.
446 1973 526 2032 Nam
553 1972 579 2034 si
607 1992 665 2052 pro
696 1973 779 2032 furto
809 1979 863 2034 aut
883 1991 940 2052 pro
968 1972 1030 2032 alia
1057 1972 1169 2044 malitia,

96 2073 174 2134 si0ut
205 2073 321 2134 edictus
356 2074 518 2146 contenit²‚
553 2074 592 2135 ad
628 2075 865 2136 deseruicndum
892 2074 922 2134 in
953 2093 1064 2136 manus
1094 2076 1171 2136 datus

96 2173 196 2247 tuerit,
219 2183 249 2236 et
270 2183 433 2255 pronatum
456 2175 560 2248 fuerit,
588 2176 754 2264 deseruIat.
798 2177 829 2238 Si
851 2195 927 2237 uero
949 2175 1171 2256 cius-parentes

96 2274 283 2355 pertinentes
304 2276 429 2346 fuerint,
456 2267 579 2357 etipse
606 2277 690 2340 solus
714 2279 753 2339 ad
775 2278 951 2340 libertatem·
970 2279 1100 2338 tendere
1120 2297 1171 2338 uo-

95 2377 193 2451 luerit,
216 2378 243 2441 si
262 2378 331 2459 ipse
350 2378 523 2440 libertatern
547 2398 639 2441 suam
665 2380 813 2441 edoniaco
833 2399 891 2460 per
912 2379 1030 2441 cartola
1052 2387 1107 2442 aut
1125 2399 1171 2459 per

95 2480 228 2543 hominis
257 2479 371 2542 liberos
391 2481 444 2541 uel
471 2481 703 2562 possessiouem
725 2482 809 2544 iuxta
831 2482 931 2563 Iegem
952 2501 1015 2543 non
1038 2481 1172 2563 potuerit,

96 2583 253 2684 deseruipt
273 2590 304 2644 et
322 2583 457 2648 iuautea.

162 2903 807 3014 ⁴[rurrucuurnurcuuvuu'n
839 2906 1012 2988 uncus
1045 2906 1128 2986 nu·

264 3096 278 3140 ,
532 3037 733 3149 caeru]

41 3226 44 3233 Ι
95 3255 267 3329 INCIPIT
294 3253 524 3327 CAPITVLA
550 3252 703 3326 DOMNI
730 3252 904 3327 AREGIS
937 3251 1171 3369 I'RINCIPIS.

117 3431 144 3494 1.
179 3427 210 3489 Si
226 3426 294 3506 quis
309 3426 470 3488 homiuem
483 3444 603 3505 pauper
618 3426 737 3504 absque
756 3424 946 3504 parentibus,
968 3425 1062 3486 nichil
1077 3424 1171 3486 edam.

114 3534 144 3594 2.
177 3528 207 3589 Si
231 3527 299 3608 quis
321 3547 502 3609 germanum
526 3527 656 3588 alterurn
679 3546 861 3607 germanum
883 3529 994 3588 aborta
1016 3526 1111 3590 Iitate.

114 3633 144 3696 3.
177 3630 210 3691 Si
237 3629 304 3709 quis
332 3629 429 3690 filium
453 3639 526 3708 post
553 3637 684 3690 mortem
710 3629 807 3708 patris
837 3629 901 3690 cius
930 3628 1117 3709 pulsauerit,
1144 3633 1190 3700 ut¹

177 3731 300 3794 assolet.

114 3836 142 3898 4.
176 3833 207 3894 Si
230 3834 297 3914 quis
327 3834 473 3895 occiderit
500 3833 687 3894 monachum
717 3832 766 3892 uel
792 3835 1009 3915 presbyterum
1032 3839 1085 3892 aut
1107 3829 1172 3890 dia-

176 3954 295 4001 conern.
342 3992 344 3997 ,
422 3922 424 3926 ’

113 4042 141 4102 5.
175 4038 204 4098 Si
227 4045 316 4117 pater
336 4036 419 4098 fiIIac
441 4059 503 4099 non
525 4037 666 4100 habentis
689 4055 878 4117 germanum,
906 4043 959 4097 aut
980 4031 1155 4114 germanus.

92 4225 113 4291 1)
133 4225 207 4292 uoto.
226 4223 290 4277 246.
311 4222 421 4278 248...
441 4224 505 4278 252.
581 4224 601 4294 ²)
621 4225 720 4294 nutu.
739 4221 783 4277 ao.
805 4221 866 4275 152.
958 4242 961 4246 Δ
