2574 4710
91 371 132 436 54
307 368 475 434 EDICTVS
496 370 674 434 aoruca!
696 371 779 439 CAP.
802 375 979 443 265-271.
1083 419 1092 433 ,

91 554 188 634 ipsius
211 574 274 615 non
296 554 503 634 peruenisset,
536 558 619 636 quod
641 557 788 638 fugitiuos
811 565 863 620 aut
890 557 1016 639 fugaces
1040 565 1186 638 transpo-

92 655 207 728 suissit,
230 664 260 718 et
282 657 322 719 sit
344 657 486 720 exolutus
510 678 529 719 a
551 659 716 725 calomnia.

176 761 248 823 266.
292 760 324 820 Si
346 759 545 839 portanarius
567 759 711 822 faronem
733 762 893 823 hominem
916 762 1016 824 scions
1040 769 1184 841 transpo-

92 858 189 922 suerit
217 879 287 921 cum
315 861 436 942 aliquas
463 881 513 924 res
541 860 685 935 furtiuas,
709 862 828 944 collega
856 863 895 926 sit
920 863 1040 936 luroni,
1071 870 1184 924 etcum

91 962 162 1042 ipso
184 961 298 1024 lurtum
321 971 497 1043 conponat;
521 972 652 1044 excepto
675 965 714 1028 sit
729 965 896 1045 culpauelis
918 965 952 1026 in
972 973 1091 1027 curtem
1109 965 1182 1046 regis

93 1051 212 1126 solidos
236 1068 287 1131 20.

176 1168 248 1231 267.
293 1166 324 1227 Si
347 1167 547 1247 portunarius
575 1168 730 1252 mancipia
755 1167 882 1249 fugitiua
912 1168 1013 1232 sciens
1040 1176 1181 1248 transpo-

92 1266 198 1339 suerit,
222 1268 248 1329 si
269 1271 435 1348 probatum
458 1269 558 1341 luerit,
581 1269 743 1350 perquirat
771 1289 825 1333 eas
853 1279 883 1333 ct
910 1269 1041 1353 proprio
1065 1269 1179 1332 dominc

92 1387 163 1430 cum
184 1371 277 1431 rebus
294 1390 372 1450 quas
396 1390 501 1433 secum
516 1371 669 1444 detolerit,
692 1372 843 1439 restituat.
878 1373 916 1433 Et
938 1371 965 1434 si
985 1371 1045 1451 ipsi
1067 1370 1178 1452 fugaces

93 1469 165 1531 alibi
188 1471 478 1553 transmigraucrint
497 1478 615 1555 utnon
637 1472 847 1547 inueniantur,
875 1481 947 1536 tunc
968 1474 1104 1554 portitor
1123 1474 1174 1554 ipsa

93 1572 261 1651 mancipia,
291 1573 382 1635 simul
404 1582 434 1636 ct
455 1593 521 1647 res,
551 1575 591 1634 de
613 1582 746 1655 quantas
774 1595 869 1639 ansus
896 1570 989 1637 fuerit
1014 1575 1118 1636 iurare
1139 1575 1179 1655 qui

91 1674 243 1754 perdedit,
267 1675 296 1736 ei
317 1676 442 1756 abipso
459 1676 511 1757 qui
526 1675 626 1739 sciens
642 1679 834 1757 transposuit
847 1679 1000 1757 fugacem,
1022 1678 1179 1738 reddantur

93 1778 150 1838 sub
174 1776 406 1839 extimationem
432 1779 538 1859 pretii,
574 1784 704 1858 excepto
734 1798 793 1859 pro
823 1779 913 1860 culpa
939 1787 1099 1859 conponat
1123 1780 1179 1859 ipse

92 1877 227 1959 portitor
249 1879 279 1939 in
302 1887 386 1941 curte
408 1879 489 1961 regis
513 1878 630 1942 solidos
653 1883 703 1946 20.

178 1981 249 2046 268.
295 1981 327 2042 Si
348 1981 548 2061 portenarius
574 1982 735 2043 hominem
762 1983 892 2045 liberum
919 1983 1062 2064 fugacem
1084 1990 1181 2045 trans-

92 2081 242 2162 posuerit,
265 2090 296 2144 et
317 2082 498 2164 cognouerit
512 2084 597 2163 quod
618 2084 713 2165 fugax
735 2093 791 2158 est,
814 2086 937 2147 animae
959 2104 1036 2147 suae
1056 2085 1183 2146 incurrat

95 2184 279 2265 periculum,
309 2192 362 2247 aut
384 2192 543 2266 conponat
566 2185 704 2266 uuergild
728 2205 800 2262 suo;
827 2187 900 2268 quia
921 2194 1091 2267 postquam
1114 2205 1184 2266 cog-

93 2287 197 2360 nonit,
222 2289 305 2368 qnod
327 2287 359 2368 in
387 2287 461 2368 luga
489 2294 572 2359 crat,
602 2288 628 2350 si
656 2307 726 2349 cum
755 2296 861 2350 tenere
888 2308 952 2350 non
980 2288 1095 2368 potuit,
1119 2306 1185 2348 mor

93 2390 290 2450 innotescere
313 2398 366 2451 aut
387 2397 586 2451 antecurrerc
609 2390 723 2454 debuit.

178 2493 251 2557 269.
296 2491 328 2552 Si
357 2490 528 2570 mancipius
558 2491 778 2571 cuiuscumque
806 2499 879 2571 post
908 2492 1003 2554 alium
1031 2492 1187 2554 hominem

91 2591 229 2673 lugierit,
259 2599 290 2653 et
312 2592 456 2654 dominus
479 2599 602 2654 secutus
624 2593 802 2655 inuitauerit
823 2594 854 2653 in
876 2613 967 2674 pace,
990 2602 1024 2655 ut
1044 2596 1189 2656 reddatur

92 2693 124 2754 in
152 2693 264 2773 gratia,
294 2700 324 2754 et
350 2693 377 2755 si
404 2694 435 2753 in
467 2694 566 2774 gratia
598 2696 737 2757 redditus
768 2695 861 2756 fuerit
891 2703 923 2756 ct
949 2696 980 2756 in
1006 2696 1077 2776 ipsa
1104 2698 1189 2778 culpa

15 2843 17 2849 .
94 2795 239 2875 dominus
262 2794 292 2855 in
315 2813 386 2856 eum
409 2795 577 2857 uindictam
598 2796 734 2869 dederit,
757 2805 914 2877 conponat
936 2797 1055 2861 solidos
1078 2802 1120 2864 20
1142 2798 1189 2871 illi,

94 2897 134 2956 de
157 2896 243 2958 cuius
266 2904 351 2958 curte
374 2915 445 2957 eum
467 2896 549 2970 tolit3
573 2904 603 2958 et
625 2897 651 2959 si
672 2899 814 2978 denegat,
839 2900 921 2979 quod
937 2919 995 2979 pro
1011 2900 1081 2980 ipsa
1104 2901 1191 2982 culpa

93 2999 125 3058 in
148 3017 219 3058 eum
240 2997 409 3059 uindictam
430 3017 493 3059 non
515 2998 667 3071 dedisset,
697 3003 847 3079 praebeat
869 3010 1102 3082 sagramentum
1126 3004 1191 3066 sin-

92 3099 182 3181 gulus
205 3102 245 3161 ad
268 3100 439 3181 euangelia,
463 3109 494 3161 et
515 3100 554 3162 sit
576 3100 745 3167 exsolutus.

179 3205 249 3269 270.
295 3202 327 3263 Si
350 3202 418 3282 quis
441 3201 501 3276 ille,
524 3211 703 3282 postquem
727 3202 896 3282 mancipius
920 3203 1039 3267 alienus
1061 3206 1192 3288 fugierit,

93 3311 126 3365 et
147 3303 281 3366 noluerit
302 3323 373 3364 cum
400 3313 474 3384 post
501 3306 670 3366 secundam
701 3311 754 3365 aut
783 3303 905 3365 tertiam
934 3308 1193 3369 contestationem

93 3408 236 3480 reddere,
260 3414 331 3469 tunc
354 3407 537 3468 constrictus
560 3407 702 3467 restituat
716 3405 817 3486 ipsum
834 3407 1031 3486 mancipium,
1055 3415 1086 3469 ct
1101 3408 1193 3469 alium

92 3506 227 3569 similem
249 3510 306 3570 sub
330 3508 563 3569 extimationem
585 3507 676 3587 pretii
698 3515 864 3587 conponat.

179 3611 251 3675 271.
294 3609 340 3668 De
368 3617 485 3671 curtem
514 3609 606 3690 regis.
656 3608 689 3670 si
716 3609 887 3689 mancipius
915 3609 1136 3691 cuiuscumque
1165 3613 1195 3673 in

93 3716 214 3770 curtem
236 3709 318 3790 regis
341 3711 517 3792 confugium
541 3708 661 3782 lecerit,
685 3717 715 3771 ct
736 3710 906 3790 gastaldius
929 3720 983 3773 aut
1003 3720 1092 3774 actor
1112 3713 1195 3793 regis

93 3811 196 3891 ipsum
220 3811 406 3890 mancipium
428 3820 501 3892 post
523 3812 692 3874 secundam
715 3818 767 3872 aut
793 3812 915 3874 tertiam
937 3815 1197 3877 contestationem

94 3913 227 3972 reddere
250 3911 432 3986 dilataucrit,
458 3915 502 3976 ita
524 3914 665 3975 iubemus
688 3920 721 3974 ut
742 3914 853 3976 reddat
873 3914 976 3995 ipsum
998 3916 1196 3997 mancipium,

94 4021 127 4074 et
149 4013 243 4074 alium
266 4014 397 4076 similem
420 4015 459 4076 de
482 4015 544 4078 suis
567 4015 703 4096 propriis
725 4018 829 4089 rebus,
853 4016 980 4078 domino
997 4036 1090 4097 quem
1113 4019 1198 4080 dila-

95 4115 208 4176 tauerit
229 4117 361 4177 reddere
383 4125 521 4197 cogatur.
564 4118 603 4180 Et
624 4117 651 4180 si
672 4117 732 4191 illc,
756 4119 808 4199 qui
824 4119 862 4182 de
884 4127 969 4179 curte
991 4119 1072 4200 regis
1096 4120 1197 4199 ipsum

93 4216 127 4276 in
150 4217 250 4298 gratia
272 4218 432 4298 receperit,
455 4227 567 4299 postea
588 4238 647 4300 pro
669 4219 739 4300 ipsa
765 4220 856 4300 culpa
876 4221 908 4281 in
931 4240 1001 4281 cum
1030 4220 1198 4283 uindictam
