2574 4710
306 366 471 430 EDICTVS
493 365 670 430 ROTHARI
691 364 773 427 CAP.
798 364 971 430 125-130.
1147 360 1190 424 27

184 557 254 620 125.
296 554 343 614 De
373 573 466 616 seruo
501 552 656 614 rusticano
692 551 832 617 hattudo.
900 550 931 610 Si
966 550 1191 630 116166611111111

90 658 237 720 alienum
266 657 454 718 rusticanum
485 655 687 741 percusserit,
717 672 774 732 pro
804 671 898 713 unam
927 653 1059 727 feritam,
1085 650 1116 710 111
1146 655 1194 710 est

88 757 286 843 pul-slahi,
317 758 342 820 si
364 759 475 820 uulnus
505 764 558 818 aut
582 758 663 818 libor
688 754 881 835 apparuerit,
917 761 1073 834 conponat
1093 751 1193 814 solido

94 861 231 936 medio;
276 863 301 922 si
334 880 409 922 uero
443 879 542 940 usque
576 866 721 939 quattuor
756 856 862 918 feritas
896 856 1008 933 luerit,
1040 860 1197 935 conponat

97 965 222 1028 solidos
245 963 324 1037 duo;
347 962 480 1043 amplius
502 961 650 1037 siluerit,
672 980 735 1020 non
756 966 944 1024 numeretur.

191 1066 261 1131 126.
305 1065 337 1125 Si
361 1063 726 1146 membrumgsideratum
748 1062 849 1126 tuerit.
896 1061 927 1122 Si
951 1062 990 1121 (le
1011 1060 1119 1139 plagas
1142 1064 1196 1118 aut

99 1170 142 1230 de
174 1166 401 1247 suprascriptas
429 1166 535 1228 feritas
564 1163 661 1227 haldii
688 1173 741 1227 aut
773 1165 856 1227 serui
884 1161 1107 1232 ministerialis,
1141 1176 1197 1220 seu

101 1269 188 1332 serui
210 1270 359 1330 rusticani
389 1277 482 1349 atquc
503 1269 624 1330 haldias
648 1275 701 1329 aut
722 1268 864 1341 ancillas,
893 1286 1003 1327 manus
1030 1269 1084 1324 aut
1106 1260 1197 1340 pedis

101 1374 157 1435 uel
181 1373 320 1453 quolibet
340 1374 523 1459 membrum,
546 1373 597 1451 qui
620 1371 761 1451 plagatus
778 1377 1009 1449 autpercussus
1032 1363 1198 1438 66161116-

104 1484 209 1536 ratum
230 1475 337 1547 luerit,
364 1482 395 1536 61
415 1494 478 1535 nou
500 1472 743 1553 perexcusserit,
772 1472 862 1533 simili
885 1471 979 1531 modo
1006 1473 1200 1549 conponatur

109 1585 267 1656 tamquam
290 1576 316 1638 si
339 1595 410 1637 eum
431 1575 674 1656 perexcussissil.

198 1681 264 1744 127.
309 1676 426 1739 Omnes
458 1698 533 1740 nero
563 1679 671 1758 plagas
700 1684 754 1739 aut
778 1676 886 1738 feritas
915 1684 977 1738 tam
1012 1674 1050 1734 de
1075 1670 1200 1734 haldir'ts

110 1799 206 1860 quam
228 1781 320 1842 etde
342 1783 450 1841 seruris
478 1779 711 1870 ministeriales,
742 1799 797 1842 seu
819 1779 901 1840 serui
931 1776 1077 1839 rusticani
1107 1781 1200 1853 atque

109 1882 235 1944 haldias
257 1890 311 1944 aut
332 1882 467 1958 ancillas,
491 1902 550 1963 que
572 1884 729 1944 intereos
752 1881 919 1962 coemerint,
941 1899 999 1960 per
1019 1878 1080 1939 hoc
1102 1876 1202 1936 tinore

108 1987 190 2046 sicut
211 2004 307 2064 supra
329 1985 475 2065 seriptum
502 1993 549 2047 est
569 1983 703 2046 finiatur.
748 1985 778 2045 Si
801 1993 904 2045 autem
926 1983 965 2042 de
993 1981 1112 2060 aliquas
1140 1978 1199 2039 du·-

108 2089 213 2148 bietas
238 2085 344 2162 fuerit,
375 2087 457 2167 quod
487 2088 622 2149 euadere
649 2094 703 2148 aut
729 2086 817 2148 citius
851 2084 956 2147 sanari
982 2103 1045 2144 non
1072 2081 1203 2162 possint,

109 2197 186 2250 tunc
218 2189 415 2252 medietatem
447 2190 536 2270 pretii
570 2190 609 2249 de
641 2189 732 2269 plaga
767 2189 849 2268 quod
888 2187 1069 2247 arbitratum
1102 2182 1203 2255 luerit,

113 2291 258 2353 dominus
286 2293 435 2372 accipiat;
464 2292 583 2372 reliqua
604 2310 680 2352 uero
710 2291 860 2351 medietas
882 2287 1102 2368 suspendatur,
1131 2284 1204 2344 dum

117 2413 215 2473 usque
230 2397 435 2475 cognoscitur,
457 2395 483 2456 si
504 2394 585 2473 intra
600 2393 671 2456 anni
688 2393 821 2472 spatium
836 2397 940 2472 potest
954 2390 993 2449 de
1014 2387 1089 2468 ipsis
1105 2384 1204 2466 plagis

116 2497 260 2566 euadere.
318 2497 349 2558 Si
378 2498 526 2570 euaserit,
560 2497 643 2578 quod
675 2495 828 2575 reliquum
864 2501 912 2556 est
945 2492 1141 2571 conpleatur;
1177 2486 1205 2548 si

115 2605 220 2659 autem
250 2598 290 2659 de
315 2599 401 2679 ipsas
429 2600 537 2680 plagas
560 2607 698 2661 mortuus
726 2599 819 2659 fuerit
850 2598 932 2658 intra
958 2597 1029 2657 anni
1063 2593 1204 2674 spatium,

114 2701 194 2761 sicut
216 2703 325 2762 subter
345 2702 500 2763 adnexum
521 2710 569 2765 est
590 2703 671 2788 [cap.
685 2704 779 2769 129..
793 2700 890 2786 2137]‚
913 2703 956 2762 ita
978 2682 1103 2761 domino
1126 2716 1206 2757 con-

113 2810 271 2882 ponatur;
304 2811 336 2864 61
356 2805 440 2885 quod
467 2824 524 2884 pro
546 2805 638 2886 plaga
660 2813 820 2886 acceptum
842 2812 908 2886 est,
941 2805 971 2865 in
994 2805 1063 2882 ipsa
1085 2816 1206 2862 summa

114 2907 342 2985 conpositionis
365 2907 477 2968 mortui
497 2916 664 2988 reputetur.

206 3009 274 3073 128.
318 3008 365 3068 De
387 3027 425 3070 co
449 3011 499 3089 qui
521 3010 630 3089 plagas
651 3009 767 3074 fecerit.
811 3008 871 3081 Qui
886 3009 994 3089 plagas
1009 3007 1125 3081 feeerit,
1140 3005 1208 3085 ipse

118 3116 231 3189 querat
252 3112 407 3184 medicus,
439 3119 470 3172 61
492 3111 518 3173 si
539 3112 719 3184 neclexerit,
752 3121 823 3172 tunc
845 3111 896 3171 ille
919 3113 969 3190 qui
997 3111 1138 3190 plagatus
1162 3111 1210 3167 est

119 3219 173 3273 aut
188 3214 332 3275 dominus
348 3213 413 3275 eius
435 3213 572 3274 inueniat
586 3213 748 3273 medicum.
790 3213 830 3273 Et
849 3212 899 3274 ille
915 3213 967 3293 qui
982 3218 1074 3293 eaput
1094 3211 1211 3289 rumpit

120 3324 174 3376 aut
195 3316 422 3396 suprascriptas
442 3317 552 3396 plagas
574 3315 654 3391 fecit,
678 3321 709 3376 et
730 3333 843 3393 operas
865 3314 976 3374 reddat
998 3321 1029 3374 et
1049 3311 1209 3372 mercedes

121 3418 235 3480 medici
263 3419 436 3498 persoluat,
463 3424 611 3499 quantum
639 3434 696 3496 per
725 3416 834 3491 doctos
858 3415 1001 3478 homines
1029 3415 1211 3477 arbitratum

118 3519 221 3586 luerit.
298 3565 302 3575 .

208 3625 277 3689 129.
310 3623 358 3684 De
372 3624 497 3687 haldi01
521 3625 632 3688 occiso.
655 3626 687 3687 Si
704 3625 772 3706 quis
787 3623 945 3686 haldium1
961 3622 1118 3697 occiderit,
1134 3639 1213 3681 con-

122 3732 220 3804 ponat
241 3726 360 3788 solidos
383 3735 560 3807 sexagenta.

209 3847 280 3912 130.
323 3847 370 3906 De
403 3867 495 3908 seruo
529 3848 727 3911 ministeriale
759 3849 870 3910 occiso.
926 3847 957 3909 Si
990 3846 1057 3927 quis
1090 3861 1214 3906 seruum

124 3947 259 4009 alienum
282 3948 514 4011 ministerialem
529 3950 671 4012 occiserit
690 3952 866 4029 probatum,
889 3957 922 4010 ut
943 3969 1037 4031 supra
1060 3948 1141 4033 [cop.
1154 3942 1216 4028 76]‚

126 4061 179 4115 aut
200 4052 336 4131 doctum,
360 4060 516 4136 conponat
535 4053 652 4116 solidos
676 4054 913 4135 quinquagenta.

127 4240 147 4311 ¹)
165 4243 211 4296 Sic
230 4241 376 4297 6116111166
395 4242 452 4295 loco
472 4242 530 4295 cod.
551 4241 636 4295 Porta.
656 4239 738 4293 4614.
