2574 4710
143 379 183 443 33
361 372 526 437 uurcrvs
548 355 726 436 neruum
748 372 830 438 car.
856 358 1031 438 174-1ia.

143 559 381 640 transmigrare:
409 566 529 620 tantum
557 565 618 632 est,
648 565 682 619 ut
709 558 760 620 ille
788 557 841 637 qui
869 557 1034 638 garetbinx
1061 558 1240 636 susceperit,

143 662 221 724 tales
245 661 352 741 culpas
380 679 444 721 non
472 661 567 722 faciat
588 661 732 722 donatori
754 679 830 732 suo,
862 659 969 739 quales
1003 659 1107 746 solent
1135 654 1241 739 ingrati

142 763 199 825 filii
226 764 408 842 parentibus
437 763 501 823 suis
524 762 641 836 lacere,
669 781 727 842 per
756 781 833 841 quas
863 761 1137 834 exhereditantur‚
1166 780 1240 841 quae

144 868 175 928 in
205 865 266 926 hoc
294 865 429 926 edictum
463 863 545 948 [cup.
570 863 640 948 169]
669 865 805 943 scriptae
831 870 913 926 sunt.
956 860 1027 942 lpse
1058 869 1166 923 autem
1193 866 1238 943 qui

144 966 307 1048 garetbinx
330 965 502 1044 susceperit
524 966 562 1026 ab
586 963 663 1038 alio,
692 965 841 1044 quidquid
870 965 1030 1045 reliquerit
1058 964 1194 1026 donator
1212 965 1239 1026 in

145 1070 227 1129 diem
250 1069 352 1130 obitus
375 1068 432 1139 sui,
455 1067 571 1128 habeat
585 1066 738 1129 licentiam
760 1067 791 1126 in
815 1087 905 1128 suum
922 1056 1239 1128 dominium'recolle-

145 1189 228 1251 gere,
252 1176 283 1231 et
305 1169 443 1230 debitum
465 1168 668 1244 creditoribus
691 1169 823 1230 reddere
846 1176 877 1229 et
899 1170 937 1229 ab
961 1168 1027 1230 aliis
1044 1158 1193 1249 exegere;
1213 1177 1254 1238 et,

146 1273 230 1353 quod
262 1272 293 1332 in
325 1270 459 1332 fiduciae
486 1288 601 1330 nexum
633 1271 770 1349 positum
804 1279 864 1345 est,
899 1271 1010 1331 reddat
1043 1271 1184 1331 debitum
1213 1278 1239 1331 31
1282 1262 1286 1315 '3

144 1372 283 1455 requirat
304 1393 371 1433 rem
392 1371 423 1432 in
445 1370 580 1432 fiduciae
600 1390 683 1432 nexu
705 1371 817 1452 posita.
1282 1362 1286 1369 ’

224 1478 301 1540 175.
343 1474 390 1533 De
412 1472 569 1554 launigild.
614 1473 645 1534 Si
667 1474 735 1553 quis
751 1493 818 1533 rem
834 1492 924 1535 suam
940 1473 1125 1553 cuicumque
1142 1474 1235 1534 dona-

145 1575 234 1649 uerit,
257 1582 289 1636 et
309 1581 421 1655 postea
444 1574 497 1654 qui
518 1575 661 1648 donauit,
689 1575 837 1656 launigild
859 1575 1072 1655 requisiuerit,
1101 1582 1176 1636 tunc
1195 1574 1239 1635 ille

145 1678 198 1760 qui
220 1677 338 1756 accepit
360 1685 414 1738 aut
428 1677 561 1740 heredes
584 1677 660 1749 eius,
683 1678 710 1739 si
732 1696 826 1739 ausus
842 1696 906 1737 nou
922 1676 1015 1737 fuerit
1027 1675 1143 1749 iurare,
1161 1677 1241 1757 quod

145 1780 342 1860 conpositum
364 1779 412 1852 sit,
435 1779 547 1840 reddat
568 1778 597 1839 ei
618 1778 772 1858 lerquido,
794 1778 825 1838 id
849 1785 896 1839 est
918 1777 1058 1850 similem,
1082 1779 1192 1857 quales
1214 1779 1243 1838 in

142 1882 195 1943 illa
218 1882 288 1943 diae
309 1881 375 1954 fuit,
399 1881 525 1960 quando
548 1881 697 1942 donatum
720 1886 782 1954 est;
806 1879 884 1941 etsi
904 1879 1062 1952 iurauerit,
1085 1880 1126 1941 sit
1147 1899 1245 1942 exso-

144 1984 237 2047 lutus.

231 2087 300 2151 176.
343 2084 389 2144 De
411 2083 548 2150 lebrosc.
591 2083 623 2144 Si
651 2084 719 2164 quis
748 2084 891 2164 leprosus
923 2084 1051 2145 effectus
1079 2082 1187 2154 luerit,
1218 2090 1247 2143 et

144 2186 301 2267 cognitum
328 2170 421 2247 luerit
447 2185 539 2246 iudici
566 2185 618 2247 uel
644 2185 762 2267 populo
791 2193 875 2246 certa
901 2184 947 2245 rei
974 2184 1105 2258 ueritas,
1135 2193 1167 2247 et
1189 2204 1271 2245 ex-·

145 2288 255 2368 pulsus
278 2287 354 2350 foris
378 2307 397 2348 a
419 2287 543 2349 ciuitate
559 2296 613 2349 aut
628 2306 734 2349 casam
749 2305 848 2359 suam,
870 2286 914 2347 ita
936 2293 970 2346 ut
984 2286 1070 2348 solus
1085 2285 1246 2358 inhabitet,

144 2409 209 2451 non
237 2390 277 2451 sit
311 2388 338 2448 ei
364 2388 487 2450 licentia
518 2408 568 2450 res
597 2407 671 2451 suas
703 2388 839 2448 alienare
867 2395 921 2449 aut
952 2387 1094 2467 thingare
1123 2388 1248 2448 cuilibet

144 2509 311 2571 personae.
361 2489 442 2562 Quia
469 2489 500 2549 in
528 2489 639 2550 eadem
667 2488 753 2562 diae,
783 2489 909 2570 quando
933 2509 951 2550 a
974 2489 1068 2549 domo
1096 2489 1247 2569 expulsus

146 2599 207 2665 est,
236 2599 397 2672 tamquam
420 2599 561 2654 mortuus
583 2590 728 2655 habetur.
779 2592 895 2651 Tamen
919 2591 993 2651 dum
1015 2589 1185 2663 aduixerit,
1211 2591 1248 2650 de

145 2694 239 2754 rebus
263 2711 341 2772 quas
364 2691 532 2772 reliquerit,
555 2711 613 2772 pro
636 2691 787 2752 mercedis
810 2691 919 2752 intuitu
942 2691 1104 2752 nutriatur.

233 2796 303 2858 177.
345 2793 392 2853 De
414 2792 662 2878 hominelibero
683 2799 718 2852 ut
739 2792 830 2852 liceat
851 2812 921 2852 eum
945 2793 1088 2873 migrare.
1123 2792 1155 2854 Si
1179 2794 1249 2874 quis

145 2894 225 2956 liber
245 2894 342 2955 homo
371 2900 559 2972 potestatem
588 2893 706 2954 habeat
730 2893 812 2954 intra
840 2893 1010 2955 dominium
1037 2894 1126 2974 regni
1148 2895 1252 2958 nostri

146 3015 217 3057 cum
238 2995 308 3057 fara
330 3014 388 3058 sua
403 3014 545 3076 megrare
560 2994 614 3056 ubi
636 2995 769 3055 uoluerit
784 3031 823 3039 —
839 2995 882 3058 sic
904 3004 1008 3056 tamen
1031 2995 1056 3057 si
1080 2996 1108 3056 ei
1131 3015 1150 3056 a
1173 3015 1250 3078 rege

147 3097 221 3157 data
235 3094 329 3156 fuerit
343 3081 464 3157 licentia
487 3133 536 3170 -‚
559 3103 591 3157 et
612 3095 638 3157 si
660 3095 780 3177 aliquas
796 3117 847 3159 res
865 3097 891 3157 ei
908 3098 972 3157 dux
989 3104 1041 3158 aut
1056 3097 1250 3179 quicumque

146 3197 225 3258 liber
245 3197 342 3258 homo
366 3197 502 3271 donauit,
525 3204 647 3259 etcum
670 3216 708 3258 eo
731 3199 863 3260 noluerit
884 3217 1078 3277 permanere,
1100 3199 1153 3259 uel
1177 3218 1250 3261 cum

146 3299 279 3361 heredes
306 3298 419 3379 ipsius:
447 3296 508 3361 res*
527 3299 566 3360 ad
590 3299 776 3360 donatorem
804 3299 856 3360 uel
876 3299 1009 3361 heredes
1038 3299 1103 3362 eius
1132 3319 1249 3362 reuer-

146 3408 262 3466 tantur.

234 3503 303 3568 178.
346 3502 393 3562 De
420 3500 616 3580 sponsalibus
651 3511 681 3564 et
713 3503 838 3582 nuptiis.
890 3503 921 3563 Si
951 3502 1018 3582 quis
1046 3505 1252 3583 spousauerit

147 3603 283 3683 puellam
304 3603 435 3664 liberam
458 3610 512 3664 aut
534 3602 709 3678 mulierem,
736 3611 862 3685 etpost
888 3604 1064 3684 sponsalias
1093 3603 1194 3668 factas
1218 3614 1251 3668 31

147 3703 254 3766 fabola
275 3702 400 3766 firmata
423 3704 485 3765 duo
509 3707 607 3767 annus
630 3725 764 3786 sponsus
786 3705 954 3767 neclexerit
976 3724 1046 3766 eam
1067 3705 1190 3780 tollere,
1218 3715 1251 3768 et

148 3805 325 3867 dilatauerit
352 3805 475 3886 nuptias
504 3807 630 3888 exequi:
659 3815 732 3887 post
753 3815 946 3870 transactum
968 3807 1128 3868 biennium
1150 3816 1249 3888 pote-

148 3915 262 3970 statem
283 3906 399 3968 babeat
414 3916 504 3987 pater
527 3916 580 3970 aut
601 3908 707 3981 frater,
730 3909 782 3971 uel
804 3909 856 3989 qui
878 3909 1038 3970 mundium
1061 3909 1127 3970 eius
1150 3918 1251 3989 pote-

148 4015 261 4069 statem
287 4007 397 4080 babet‚
430 4009 613 4092 distringere
640 4010 872 4084 fideiussorem,
907 4011 1051 4092 quatinus
1088 4011 1251 4092 adinpleat

149 4115 265 4170 metam
291 4108 391 4184 illam,
421 4132 502 4194 quae
528 4112 560 4173 in
588 4111 658 4174 diae
691 4113 922 4191 sponsaliorum
948 4110 1105 4192 promisit:
1135 4120 1249 4192 postea

148 4210 239 4273 leciat
261 4231 315 4275 eos
339 4214 378 4275 ad
402 4214 514 4276 marito
537 4213 587 4275 alii
609 4213 694 4285 dare,
717 4212 815 4275 libero
836 4223 949 4277 tamen.
998 4213 1037 4274 Et
1059 4221 1143 4275 meta
1166 4233 1250 4294 quae
