2574 4710
136 391 372 460 nummum
391 360 515 456 Lucas
536 394 630 455 anm
651 393 737 461 xix.
760 395 841 462 car.
866 398 1038 485 raa-125.
1084 402 1144 466 aaa

49 584 87 639 ut
106 577 177 658 ipse
198 597 307 641 seruus
328 578 361 640 in
381 579 451 660 ipsa
466 580 711 660 conpositionem
730 581 881 644 tradatur.
916 581 955 643 Et
968 583 995 644 si
1009 590 1143 663 prouata

52 677 151 742 cansa
174 671 236 741 non
257 679 350 742 fuerit
363 681 403 741 de
418 678 534 742 domini
556 682 621 744 eius
641 663 841 755 uolontatern,
862 688 934 744 tunc
954 683 1023 763 ipse
1038 685 1144 745 domi-

54 800 113 844 nns
136 782 220 844 serui
242 790 296 844 aut
321 782 476 846 haldionis
504 783 653 865 purefieet
675 804 709 847 se
738 805 795 872 per
821 792 1051 866 sagramentum
1074 804 1141 847 eum
1216 866 1217 870 Ἰ

53 883 207 965 legetimis
230 885 508 965 sagramentalibus
530 885 609 959 suis,
638 887 724 947 utin
745 887 847 966 ipsum
869 885 983 947 malum
1005 905 1144 949 consen-

56 984 132 1048 tiens
155 1005 219 1048 non
241 987 351 1059 fuissit,
373 995 403 1049 et
424 988 464 1050 sit
484 986 654 1061 absolutus,
677 997 708 1050 et
730 995 847 1050 tantum
868 986 933 1064 fiat,
955 989 1033 1050 sicut
1047 1008 1144 1069 supra

57 1088 256 1168 presidemus
270 1086 328 1149 ‘uel
348 1089 509 1150 statuimus
531 1089 569 1149 de
591 1107 684 1150 seruo
707 1089 757 1150 nel
778 1088 934 1154 haldione.
984 1086 989 1098 '

143 1192 215 1255 122.
237 1189 288 1254 vl.
337 1189 368 1251 si
396 1191 463 1270 quis
493 1190 587 1251 miser
616 1190 763 1270 insipiens
796 1191 891 1254 homo
918 1192 1145 1272 presumpserit

60 1309 213 1370 sponsare
228 1291 387 1352 mulierem
402 1292 569 1353 habentem
590 1292 701 1368 uirum,
723 1293 789 1356 sibe
804 1294 871 1373 ipsc
885 1294 933 1354 uir
952 1294 1018 1355 eins
1034 1302 1144 1375 egroto

61 1393 99 1456 sit
119 1394 186 1456 sibe
210 1414 322 1466 sanus,
355 1393 548 1455 sicutmodo
571 1401 601 1455 et
622 1394 712 1456 nobis
741 1395 835 1456 talem
863 1413 989 1457 causam
1018 1397 1146 1457 adnun-

60 1494 166 1558 tiatam
182 1503 244 1569 est,
259 1503 290 1556 et
310 1501 475 1574 pronatum
490 1495 595 1567 fuerit,
611 1482 769 1577 conponat
782 1496 862 1576 ipse,
886 1496 937 1578 qui
951 1497 1012 1558 hoc
1027 1498 1146 1570 fecerit,

62 1596 202 1678 nuirigild
232 1617 319 1660 suum
356 1597 395 1659 ad
428 1596 571 1659 maritum
600 1598 680 1674 eius;
720 1606 751 1659 et
775 1597 844 1679 ipsa
878 1598 1024 1678 suscipiat
1051 1599 1082 1659 in
1110 1619 1145 1661 se

58 1700 152 1762 talem
173 1699 482 1779 condemnationem,
505 1697 628 1780 qualem
650 1700 791 1780 superins
814 1700 945 1762 diximus
969 1700 1049 1784 [cap.
1073 1701 1161 1786 121}

58 1801 97 1862 de
116 1801 204 1863 illam
226 1799 400 1872 mulierem,
424 1801 477 1879 qni
499 1820 533 1863 se
554 1803 684 1882 turpiter
705 1804 878 1864 adtractare
900 1802 1056 1882 permittit.

144 1899 213 1967 123.
237 1902 302 1968 Vll.
345 1902 376 1963 Si
399 1903 466 1984 quis
488 1903 625 1965 fororem
648 1912 775 1984 accepto
798 1904 962 1965 battederit
983 1904 1144 1964 hominem

56 2004 188 2066 liberum
205 2013 258 2066 aut
273 2003 433 2065 mulierem
447 2005 577 2066 liberam
593 2012 645 2066 aut
659 2004 804 2085 puellam,
828 2003 880 2083 qui
900 2004 930 2064 in
953 2005 1147 2079 scandalum,

58 2105 115 2166 nbi
136 2105 200 2167 ueri
220 2106 355 2187 litigant,
384 2115 532 2168 uenerant
558 2115 589 2169 et
617 2126 674 2186 per
699 2108 783 2189 ipsas
811 2106 917 2167 feritas
946 2106 1145 2185 ponderusds

58 2205 110 2267 nel
135 2208 331 2286 ponderosas
359 2209 459 2269 effecti
482 2209 619 2280 fuerent,
646 2207 725 2270 sicut
746 2215 776 2268 et
797 2207 892 2268 modo
914 2207 1029 2268 facttum
1051 2208 1143 2268 audi-

61 2308 177 2382 uimus,
200 2318 359 2389 conponat
372 2309 568 2371 medietatem
590 2308 679 2389 pretii
701 2308 795 2388 ipsius
819 2308 961 2380 masculi,
984 2315 1144 2389 tamquam

66 2408 92 2470 si
112 2428 179 2472 enm
203 2410 376 2485 occidissit,
400 2419 430 2473 et
451 2411 490 2471 de
511 2411 643 2473 feminas
665 2410 804 2472 semilem
827 2410 921 2470 modo
945 2408 1143 2471 medietatem

60 2510 161 2590 pretii,
184 2518 345 2593 tamquam
367 2513 392 2575 si
413 2513 524 2574 fratem
547 2514 611 2576 eius
634 2511 805 2587 occidissit;
834 2517 963 2590 excepto
986 2511 1012 2572 si
1034 2511 1141 2591 plagas

58 2619 112 2674 aut
124 2613 232 2676 feritas
242 2614 362 2687 lecerit,
378 2623 535 2694 conponat
546 2615 623 2677 sicut
634 2613 769 2675 anterior
785 2612 883 2674 edicto
897 2611 996 2697 [nott.
1005 2614 1141 2699 43-74]

55 2713 176 2796 legitur.
235 2792 236 2796 Ἰ
269 2750 271 2755 -

144 2819 213 2881 124.
236 2817 312 2883 Vlll.
355 2819 387 2879 Si
417 2818 484 2899 quis
516 2817 656 2878 haldinm
683 2816 733 2886 nel
759 2815 914 2888 haldiam,
947 2835 1072 2879 sernum
1093 2817 1145 2879 uel

58 2917 203 2979 ancillam
225 2920 398 2992 battederit,
422 2927 453 2980 et
473 2938 529 2999 per
549 2917 650 2997 ipsam
672 2920 859 2981 batteturam
880 2919 1050 2998 ponderosi
1071 2920 1145 2980 lacti

57 3017 194 3090 luerent,
217 3020 414 3082 medietatem
436 3019 526 3100 pretii
548 3026 704 3098 conponat
725 3020 885 3080 dominum
905 3019 955 3079 uel
976 3027 1143 3098 patronum

58 3139 179 3194 eorum,
201 3130 361 3202 tamquam
383 3105 409 3182 si
425 3140 495 3181 eum
511 3119 681 3196 occidissit;
703 3102 832 3200 ercepto
847 3121 956 3200 plagas
971 3130 1024 3183 aut
1037 3121 1144 3184 feritas

56 3221 103 3285 sic
133 3231 305 3303 conponat,
335 3223 413 3285 sicut
438 3223 468 3283 in
497 3221 682 3284 anteriorem
714 3222 813 3283 edicto
844 3223 943 3302 [lietb.
975 3223 1143 3308 tta—127]

51 3324 175 3406 legitur.

188 3425 367 3494 125.v1111.
411 3426 443 3488 si
464 3426 531 3507 quis
553 3423 725 3488 malitiosae
747 3432 777 3486 et
798 3444 856 3505 per
877 3425 1036 3505 superbia,
1066 3426 1144 3487 sicut

57 3533 91 3589 et
115 3529 212 3589 modo
240 3529 354 3588 factum
381 3547 450 3590 esse
481 3527 696 3608 cognouimns,
730 3526 889 3587 mulierem
924 3533 978 3588 aut
1008 3527 1143 3607 puellam

55 3628 188 3690 liberam
211 3629 370 3692 sedentem
392 3631 431 3690 ad
445 3631 663 3691 necessitatem
684 3629 823 3710 corporis
846 3629 903 3704 sui,
927 3627 977 3689 uel
997 3628 1028 3689 iu
1050 3628 1143 3690 alium

54 3730 179 3804 locum,
213 3730 265 3791 ubi
297 3731 365 3810 ipsa
393 3731 507 3792 femina
535 3750 594 3811 pro
621 3751 678 3793 sua
711 3731 927 3793 necessitatem
958 3731 1042 3791 nuda
1074 3750 1144 3793 esse

54 3832 203 3906 nedetur,
236 3850 373 3913 pungere
400 3831 451 3892 uel
472 3840 632 3912 percutere
653 3833 889 3913 presumpserit,
919 3838 1077 3912 conponat
1102 3833 1142 3894 ad

54 3934 227 3996 mundoald
250 3933 314 3995 eius
337 3933 453 3997 solidos
477 3943 675 4015 octuagenta;
708 3943 739 3997 ct
760 3934 785 3996 si
811 3933 932 3996 haldins
959 3941 1014 3995 aut
1034 3952 1141 3996 seruus

54 4032 162 4110 luerit,
190 4035 242 4117 qui
262 4037 325 4097 hoc
345 4036 448 4097 lacere
468 4037 705 4118 presumpserit,
733 4041 891 4116 conponat
911 4035 1053 4098 dominus
1076 4034 1142 4097 eius

57 4137 176 4201 solides
199 4137 368 4218 sexaginta,
391 4146 422 4200 et
434 4139 535 4219 ipsam
549 4157 727 4218 personam,
751 4138 802 4218 qui
822 4137 883 4199 hoc
898 4136 1012 4201 malum
1025 4136 1146 4211 lecerit,

57 4239 184 4301 tradere
206 4240 320 4302 deueat
338 4239 369 4300 in
392 4259 484 4302 manu
507 4241 546 4301 de
567 4239 735 4302 mundoald
756 4238 895 4302 eiusdem
915 4238 1060 4304 feminac.
