2586 4704
216 341 428 404 Afflsrvurl
448 341 572 404 LEGES
595 341 648 402 DE
670 341 779 403 ANNO
801 342 824 416 1,
848 365 877 425 p.
900 342 972 410 Chr.
995 348 1065 412 750.
1139 349 1198 413 163

184 530 220 592 4.
264 528 303 589 Et
324 527 385 587 hoc
405 526 479 588 item
501 526 539 587 dc
562 525 620 589 illis
642 526 835 602 hominibus,
859 527 910 607 qui
931 531 1088 608 negotium
1110 531 1198 592 fece-

91 631 158 693 rint
193 629 267 692 siue
299 629 459 692 uoluntate
491 612 571 709 regis
605 648 673 700 cum
707 647 840 690 romano
871 630 1014 691 homine:
1048 634 1073 694 si
1106 632 1199 696 fuerit

95 733 209 803 iudex,
234 731 288 811 qui
302 730 363 792 hoc
376 730 480 792 lacere
500 733 734 811 presumpserit,
757 740 913 811 conponat
929 732 1091 813 uuidrigild
1107 757 1196 797 suum

97 845 130 898 et
151 834 316 895 honorem
337 852 426 894 suum
448 832 569 894 amittat
576 851 584 907 ;
607 831 740 894 siluerit
755 834 932 895 arimannos
948 835 1055 909 homo,
1078 838 1198 901 amittat

99 956 152 1000 res
175 955 254 999 suas
278 941 310 995 et
330 934 425 996 uadat
449 933 627 996 decaluatus
655 934 863 996 clamandum:
894 937 958 1007 „sic
984 937 1116 1016 patiatur
1146 940 1197 1020 qui

102 1046 216 1101 contra
251 1035 443 1098 uoluntatem
479 1036 559 1116 regis
597 1056 666 1097 cum
706 1057 838 1099 romano
879 1037 1005 1099 homine
1039 1040 1197 1120 negotium

101 1140 226 1213 lecerit,
260 1138 386 1218 quando
418 1136 486 1200 lites
519 1139 703 1204 habemus“.
753 1129 899 1201 Similiter-
918 1148 1075 1220 conponat
1094 1141 1196 1215 iudex,

105 1243 155 1323 qui
175 1240 355 1322 neglectum
376 1240 483 1302 lecerit
504 1243 544 1302 ad
565 1241 791 1320 inquirendum,
818 1240 844 1303 si
866 1248 938 1303 ante
960 1243 1000 1304 ad
1022 1244 1087 1305 eius
1109 1245 1207 1306 noti-·

105 1344 177 1407 tiam
197 1341 361 1424 peruenit,
390 1343 474 1422 quod
500 1342 676 1404 arimannos
699 1342 764 1405 eius
786 1343 847 1403 hoc
867 1342 1005 1418 fecisset,
1037 1353 1090 1407 aut
1118 1346 1195 1409 alius

105 1446 202 1507 homo
222 1442 256 1505 in
280 1443 346 1506 eius
368 1444 531 1515 iudicaria,
553 1452 710 1524 conponat
732 1444 894 1525 uuidrigild
917 1466 1019 1519 suum,
1042 1446 1197 1508 honorem

111 1566 199 1609 suum
224 1565 290 1607 non
321 1546 440 1627 perdat.
482 1545 567 1607 Etsi
595 1546 705 1608 dixerit
731 1546 800 1626 ipse
827 1547 933 1620 iudex,
964 1549 1047 1627 quod
1069 1549 1108 1610 ad
1131 1549 1195 1611 eius

113 1647 248 1711 notitiem
270 1666 334 1709 non
356 1648 507 1720 uenisset,
538 1647 678 1728 purificet
699 1669 734 1710 se
756 1650 795 1710 ad
818 1657 924 1712 sancta
947 1649 995 1709 dei
1025 1650 1195 1731 euangelia,

114 1750 201 1831 quod
220 1748 257 1813 ud
279 1768 351 1810 eum
372 1770 435 1810 non
457 1750 660 1830 peruenisset.

188 1892 219 1955 5.
263 1888 311 1948 De
326 1886 437 1960 clusas,
461 1888 513 1968 qui
533 1873 691 1968 disruptae
706 1897 785 1963 sunt,
807 1876 1019 1953 restaurentur
1034 1897 1065 1950 et
1077 1882 1219 1968 ponant
1241 1946 1244 1951 .

109 1990 145 2052 ihi
171 1990 363 2063 custodiam,
391 1997 424 2051 ut
450 2009 507 2050 nec
532 1990 629 2052 nostri
652 1991 794 2053 homines
822 1991 944 2072 possint
972 1991 1102 2052 transire
1130 1992 1195 2053 sine

112 2093 269 2155 uoluntate
296 2092 393 2173 regis,
422 2112 480 2153 nec
508 2091 645 2153 extranei
673 2093 794 2173 possint
822 2093 948 2153 introire
976 2092 1007 2151 in
1036 2092 1195 2172 prouincia

98 2202 216 2257 nocua
248 2194 387 2256 similiter
419 2194 486 2256 siue
520 2194 678 2256 uoluntate
710 2194 791 2274 regis
825 2194 876 2255 uel
903 2193 1048 2258 iussione.
1099 2194 1137 2254 Et
1164 2195 1195 2255 in

112 2296 199 2376 quale
220 2295 308 2358 clusa
328 2295 470 2358 inuentus
491 2296 591 2366 luerit,
614 2295 666 2356 tali
687 2315 768 2375 pena
791 2296 949 2358 subiaceat
971 2295 1119 2357 clusarius
1143 2296 1195 2376 qui

113 2398 265 2460 custodire
290 2397 424 2478 neglexit
451 2418 469 2460 a
497 2397 597 2458 iudice
624 2417 696 2474 suo,
732 2398 829 2477 qualis
856 2398 924 2478 ipse
954 2398 1047 2458 iudex
1075 2417 1093 2459 a
1121 2417 1195 2478 rege

115 2500 299 2581 anteposito,
338 2499 397 2561 nisi
430 2500 523 2566 index
554 2519 612 2579 pro
646 2499 774 2561 utilitate
806 2499 885 2580 regis
919 2499 1038 2562 miserit
1067 2499 1220 2562 missum¹

118 2620 209 2674 mum,
233 2609 287 2663 aut
307 2601 451 2681 reciperit
471 2603 687 2662 tantummodo
709 2621 767 2681 pro
791 2620 885 2662 causa
906 2601 997 2680 regis.

63 2768 82 2813 ¹„
192 2724 221 2789 6.
263 2721 310 2782 De
342 2721 466 2803 nauigio
496 2730 527 2783 et
557 2729 682 2783 terreno
713 2721 851 2802 negotio:
885 2728 918 2780 ut
949 2720 1048 2783 nullus
1083 2720 1196 2783 debeat

121 2823 265 2903 negotium
289 2823 497 2904 peragendum
518 2807 686 2895 ambulare,
709 2829 763 2882 aut
777 2842 835 2903 pro
851 2821 1076 2903 qualecumque
1090 2842 1194 2897 causa,

123 2923 176 2985 sine
197 2924 328 3005 epistola
349 2925 430 3006 regis
453 2933 507 2986 aut
528 2927 593 2988 sine
615 2924 775 2986 uoluntate
796 2925 902 2986 iudicis
929 2924 997 3000 sui;
1024 2934 1056 2988 et
1082 2925 1108 2987 si
1134 2926 1195 2987 hoc

87 3080 94 3085 .
123 3022 223 3105 lecerit,
246 3035 404 3107 conponat
423 3026 638 3133 widrigildum
661 3046 760 3090 suum.

192 3149 221 3211 7.
264 3146 311 3208 De
338 3146 445 3208 iudicis
473 3154 502 3207 ct
531 3146 686 3208 sculdahis
715 3146 765 3206 uel
792 3136 962 3218 auctores(
979 3146 1029 3225 qui
1050 3129 1193 3207 homines
1264 3226 1270 3235 ⁹

96 3240 99 3245 ’
124 3252 248 3321 potentes
272 3247 426 3311 dimittunt
447 3249 487 3309 ad
510 3267 582 3317 casa
604 3267 660 3310 seu
682 3250 721 3308 de
743 3247 891 3309 exercitu:
916 3248 968 3328 qui
988 3247 1049 3308 hoc
1068 3247 1193 3320 faciunt,

126 3357 286 3429 conponant
309 3351 386 3413 sicut
408 3349 523 3412 edictus
546 3350 681 3411 continet
700 3350 822 3431 pagina.

190 3482 220 3548 8.
262 3481 309 3543 De
331 3481 444 3544 inlicita
467 3482 694 3555 coniunctione,
724 3483 775 3562 qui
796 3480 955 3542 necunde
983 3499 1118 3541 canones
1141 3488 1194 3541 aut

126 3577 223 3646 edictus
256 3584 366 3659 habet,
401 3603 471 3647 esse
503 3603 565 3645 non
600 3592 728 3664 possunt
760 3584 937 3664 copulatis,
971 3580 1085 3660 placuit
1111 3581 1192 3641 idem

125 3678 249 3767 principi,
279 3694 314 3748 ut
339 3703 357 3746 a
378 3693 523 3766 presente
545 3695 741 3765 separentur3
765 3695 795 3748 et
818 3686 885 3765 quis
907 3684 988 3743 intra
1015 3692 1193 3762 presentem
1268 3738 1271 3743 s

98 3852 105 3871 ,Ι
125 3772 307 3849 indictionem
336 3807 463 3850 causam
490 3787 581 3850 istam
610 3788 648 3848 de
676 3787 789 3849 nostris
819 3785 933 3846 iudices
963 3784 1133 3865 neglexerit
1155 3785 1194 3845 ad

94 3873 303 3969 ''lludicandum
329 3882 386 3950 aut
416 3889 672 3970 distringendum,
706 3895 863 3969 conponat
893 3886 1056 3966 uuidrigild
1085 3905 1194 3961 suum;

125 3985 181 4058 (tilia
200 3991 355 4069 de'causa
376 3990 435 4052 ista
458 4000 589 4071 apparet
610 3993 699 4052 nobis
716 3999 746 4052 et
766 3989 923 4051 omnihus:
948 3987 999 4068 qui
1020 3987 1094 4049 talia
1116 4007 1197 4047 con-

92 4080 253 4181 secutiam,
282 4084 391 4154 contra
418 4094 510 4154 deum
532 4101 562 4156 et
584 4090 720 4155 animam
745 4112 834 4154 snam
861 4091 990 4165 iaciunt,
1021 4100 1052 4152 ct
1080 4090 1195 4150 malitia

94 4188 98 4279 J
122 4192 236 4271 euplius
259 4194 379 4274 crescit.
910 4194 913 4201 ’

904 4296 959 4360 ll*
