2586 4704
182 343 241 407 130
292 335 1197 407 Ltvmusltnttauas'ttttttxtx.ctt³.117.118.
1238 432 1241 438 ¹
1280 420 1283 445 Ι

166 525 212 586 ἀρ
233 524 324 586 liuius
348 523 437 585 edicti
458 524 571 605 pagiua
592 524 802 604 preuidimus3
824 532 860 586 ut
879 524 906 586 si
927 523 1044 585 amodo
1060 525 1101 585 de
1117 524 1168 587 his
1188 526 1272 606 oapi-

166 626 269 699 stolis,
303 645 364 706 que
392 628 499 688 subter
527 626 649 687 adnexa
678 635 764 701 sunt,
797 626 901 707 aliqua
929 625 1061 688 intentio
1090 629 1272 701 excreuerit,

166 727 260 790 -siout
280 727 451 799 statuimus,
473 727 515 788 ita
533 726 681 788 finiantur
702 747 739 789 ao
760 726 1013 794 determinentur.
1275 716 1278 723 ¹

268 832 336 896 117.
357 829 379 894 1.
424 829 456 892 Si
478 829 578 891 infans
601 836 673 891 aute
694 829 802 890 decem
824 836 855 892 et
875 837 946 890 octo
969 848 1080 903 anuos,
1106 832 1196 910 quod
1216 850 1283 899 noa:

182 931 367 1001 instituimus
398 930 480 1016 [cup.
505 930 554 1016 19]
582 938 616 993 ut
643 929 682 992 sit
701 930 845 1011 legetima
867 939 949 1005 etas,
982 931 1148 1011 spunsalia
1174 914 1283 994 lacera?

143 1014 147 1029 ⁸
183 1033 330 1105 uoluerit,
362 1039 416 1095 aut
447 1032 506 1094 sibi
539 1031 668 1093 muliere
699 1031 903 1112 oopolauerit,
935 1032 1054 1095 habeat
1084 1041 1268 1114 potestatem

164 1142 215 1201 et
246 1142 360 1197 metam
392 1135 515 1205 lacere,
553 1141 584 1194 et
614 1131 793 1213 morgincap
826 1134 901 1196 dare
932 1133 1018 1196 iuxta
1033 1122 1036 1128 ¹
1052 1133 1144 1197 edicti
1173 1136 1270 1201 tinore

185 1235 310 1322 [Liutpr.
332 1240 363 1302 7.
384 1235 446 1320 89],
469 1244 500 1297 et
521 1234 738 1296 oblicatiouem
759 1235 863 1296 facere
884 1242 916 1296 et
935 1234 1126 1298 fideiussore
1145 1256 1267 1319 ponere,

184 1345 216 1398 et
236 1345 330 1410 carta,
352 1338 378 1400 si
393 1336 531 1415 uoluerit,
554 1356 612 1417 pro
628 1356 722 1399 causa
736 1336 797 1398 ista
812 1337 962 1399 scribere:
985 1344 1016 1398 et
1031 1338 1085 1418 qui
1100 1337 1264 1413 fidiussoris

186 1439 327 1500 exteterit
355 1447 408 1501 aut
434 1438 554 1511 scriua,
588 1439 640 1518 qui
660 1457 719 1518 pro
749 1457 844 1501 causa
872 1439 932 1501 ista
958 1447 1078 1502 cartam
1107 1441 1259 1523 scripserit,

186 1540 271 1600 nulla
294 1541 405 1601 exinde
425 1540 541 1600 habeat
556 1540 797 1606 damnationem.
841 1539 921 1614 Quia
942 1559 1001 1602 uos
1021 1541 1097 1607 ideo
1121 1542 1260 1623 usqusad

185 1641 269 1701 illam
297 1648 409 1703 etatem
437 1642 636 1724 perduximus
665 1661 792 1704 causam
815 1642 854 1702 de
875 1641 1059 1717 infantibus,
1086 1650 1125 1705 ut
1146 1643 1201 1724 ipsi
1218 1661 1264 1705 ros

186 1761 259 1805 suas
281 1761 344 1804 non
366 1743 499 1804 deueant
519 1744 705 1824 naufragare
726 1751 780 1804 aut
800 1742 989 1823 disperdere.
1031 1743 1113 1805 Nam
1136 1765 1194 1826 pro
1212 1744 1263 1808 isto

176 1834 443 1919 ‘coniunctionem
466 1864 560 1926 quam
582 1847 658 1908 deus
679 1845 827 1925 precepit,
850 1844 1039 1908 absoluimus
1061 1852 1095 1907 ut
1115 1844 1184 1914 fiat.
1222 1910 1243 1920 ,,

272 1947 341 2013 118.
362 1946 399 2014 Π.
440 1947 616 2011 Recolimus
638 1947 728 2020 euim,
752 1947 836 2028 quod
858 1946 1017 2009 statuimus
1041 1950 1124 2029 [cup.
1147 1952 1198 2014 20.
1217 1948 1259 2026 tt}

188 2068 257 2110 cum
284 2049 397 2111 nostris
426 2047 591 2122 iudicibus,
624 2056 657 2110 ut
688 2049 739 2130 qui
768 2047 926 2109 hominem
943 2048 1089 2111 liberum
1123 2047 1265 2122 occiserit

187 2169 312 2212 omnem
340 2150 544 2212 substantiam
574 2169 663 2212 suam
691 2151 821 2216 amittat.
862 2149 958 2211 Modo
980 2168 1057 2211 uero
1080 2151 1155 2212 dum
1172 2170 1265 2230 repe-

185 2253 279 2314 tireut
300 2251 409 2332 singuli
429 2251 582 2325 homenis,
605 2252 653 2313 cui
665 2253 747 2336 forte
767 2252 901 2331 aliquam
918 2251 1061 2313 duritiam
1076 2253 1263 2323 detonabant,

187 2354 273 2435 quod
293 2353 429 2434 parentis
453 2354 532 2427 eius,
566 2354 618 2434 qui
644 2354 676 2414 iu
703 2354 846 2434 lectulum
875 2373 965 2416 suum
991 2362 1134 2418 mosmos
1159 2353 1265 2427 iuerat,

186 2474 244 2536 per
264 2455 409 2516 ueniuum
432 2455 597 2529 occisissit,
625 2462 656 2517 et
677 2456 750 2515 dum
776 2475 833 2536 per
853 2474 989 2535 pugnam
1009 2455 1113 2535 ipsam
1134 2474 1259 2535 causan,

187 2557 265 2619 sicut
286 2557 411 2637 antiqua
432 2557 535 2618 fuerat
555 2557 754 2630 consuitudo,
784 2575 914 2637 querere
936 2557 1138 2637 disponebat:
1167 2555 1256 2640 gratis

187 2678 282 2720 causa
304 2677 373 2721 esse
394 2653 498 2720 uobis¹
512 2657 689 2737 conparuit3
718 2665 752 2719 ut
771 2660 828 2720 sub
852 2678 913 2720 uuo
943 2666 1030 2721 souto
1056 2678 1114 2740 per
1136 2677 1258 2743 pugnam

187 2779 312 2821 omnem
334 2755 537 2821 substantiam
559 2780 646 2821 suam
668 2760 766 2821 homo
788 2761 943 2823 amitterit.
978 2761 1117 2842 Ideoque
1136 2769 1263 2825 statuere

186 2861 399 2941 preuidemus,
431 2870 465 2922 ut
486 2862 513 2923 si
541 2864 656 2923 amodo
684 2861 753 2923 talis
776 2881 871 2924 causa
893 2870 1097 2936 emerserent,
1131 2864 1198 2945 quis
1217 2861 1264 2924 illa

186 2969 320 3023 mortem
347 2962 485 3042 parentis
518 2961 566 3024 sui
595 2983 725 3044 querere
752 2983 810 3044 per
840 2983 975 3044 pugnam
1009 2965 1157 3039 uoluerit,
1187 2962 1262 3046 quod

186 3084 258 3126 eum
271 3083 328 3144 per
342 3063 486 3125 ueniuum
501 3064 659 3138 occisissit‚
682 3068 851 3129 obseruata
865 3085 913 3139 ea,
936 3085 1017 3145 quae
1036 3066 1068 3126 in
1084 3054 1283 3139 anteriorem}

186 3168 287 3229 edicto
309 3166 495 3246 scripsemus
519 3166 600 3250 [cap.
623 3167 691 3252 71],
721 3175 754 3229 ut
774 3186 831 3248 per
857 3167 1017 3247 euangelia
1042 3166 1154 3240 firmil,
1186 3164 1263 3247 qnod

185 3289 249 3331 nou
278 3275 346 3330 asto
372 3254 476 3329 auimo
506 3286 632 3330 causam
660 3269 762 3349 ipsam
789 3275 913 3350 querat,
945 3268 1005 3331 uisi
1026 3269 1110 3350 quod
1137 3264 1265 3330 certati

186 3371 225 3433 sit
246 3369 416 3455 suspectio:
445 3375 633 3450 potestatem
653 3371 770 3432 habeat
791 3389 922 3450 querere
943 3388 1000 3450 per
1019 3389 1172 3451 pugnam,
1193 3369 1268 3433 siout

186 3478 278 3535 antea
305 3471 362 3532 fuit
386 3471 579 3538 consuitudo.
625 3472 664 3533 Et
689 3474 713 3535 si
742 3473 771 3535 ei
796 3473 886 3535 ferito
913 3472 1047 3546 uenerit,
1078 3472 1126 3533 oui
1155 3468 1265 3533 crimen

165 3606 166 3611 κ
184 3574 287 3653 ipsum
300 3570 478 3643 inmettitur,
499 3578 552 3632 aut
567 3573 608 3633 ad
623 3573 840 3654 camphionem
854 3573 960 3654 ipsius,
976 3593 1069 3654 quem
1085 3575 1266 3636 conductum

183 3672 300 3746 habuit,
322 3693 386 3733 nou
409 3674 526 3736 amittat
546 3694 671 3736 omnem
693 3676 895 3739 substantiam
918 3694 1016 3747 suam,
1039 3676 1095 3736 sod
1114 3679 1262 3755 conponat

185 3795 256 3837 eum
284 3776 451 3838 secundum
481 3776 660 3855 qualitatem
690 3796 859 3859 personae,
875 3758 877 3764 ’
892 3776 970 3838 sicut
1003 3784 1096 3838 autea
1127 3777 1186 3839 luit
1217 3775 1261 3836 les

184 3879 429 3958 conponendum.
467 3877 548 3950 Quia
569 3879 676 3942 inserti
698 3900 802 3943 sumus
826 3880 866 3940 de
886 3878 997 3940 iudicio
1019 3877 1079 3950 dei,
1102 3886 1134 3940 et
1155 3876 1258 3940 multos

160 3994 163 3999 '
184 3979 355 4041 audiuimus
376 3997 434 4060 per
455 3999 591 4060 pugnam
619 3981 684 4043 sine
711 3982 827 4044 iustitia
854 4000 980 4043 oausam
1006 3999 1097 4042 suam
1118 3980 1259 4061 perdam

183 4081 239 4142 sed
270 4090 399 4162 propter
434 4083 670 4144 consuitutinem
706 4083 803 4164 gantis
839 4092 967 4146 nostrae
1001 4082 1261 4163 langobardorum

180 4181 280 4264 legem
301 4183 402 4262 ipsam
424 4189 530 4245 uetare
551 4194 614 4247 uon
636 4205 813 4266 possumus.
