<?xml version="1.0" encoding="UTF-8"?>
<!DOCTYPE html PUBLIC "-//W3C//DTD XHTML 1.0 Transitional//EN"
    "http://www.w3.org/TR/xhtml1/DTD/xhtml1-transitional.dtd">
<html xmlns="http://www.w3.org/1999/xhtml" xml:lang="en" lang="en">
 <head>
  <title>
</title>
<meta http-equiv="Content-Type" content="text/html;charset=utf-8" />
  <meta name='ocr-system' content='tesseract 3.04.00' />
  <meta name='ocr-capabilities' content='ocr_page ocr_carea ocr_par ocr_line ocrx_word'/>
</head>
<body>
  <div class='ocr_page' id='page_1' title='image "./edictusceteraeq00bluhgoog_0083.png"; bbox 0 0 2574 4710; ppageno 0'>
   <div class='ocr_carea' id='block_1_1' title="bbox 279 106 1167 212">
    <p class='ocr_par' dir='ltr' id='par_1_1' title="bbox 279 106 1167 212">
     <span class='ocr_line' id='line_1_1' title="bbox 279 106 1167 212; baseline 0.017 -45"><span class='ocrx_word' id='word_1_1' title='bbox 279 107 445 170; x_wconf 82' lang='lat' dir='ltr'>EDICTVS</span> <span class='ocrx_word' id='word_1_2' title='bbox 467 106 646 170; x_wconf 82' lang='lat' dir='ltr'><strong>ROTHARl</strong></span> <span class='ocrx_word' id='word_1_3' title='bbox 668 109 750 172; x_wconf 84' lang='lat' dir='ltr'>CAP.</span> <span class='ocrx_word' id='word_1_4' title='bbox 772 113 949 212; x_wconf 72' lang='lat' dir='ltr'><strong>att—383.</strong></span> <span class='ocrx_word' id='word_1_5' title='bbox 1130 118 1167 181; x_wconf 83' lang='lat'><strong>71</strong></span> 
     </span>
    </p>
   </div>
   <div class='ocr_carea' id='block_1_2' title="bbox 12 292 1167 4035">
    <p class='ocr_par' dir='ltr' id='par_1_2' title="bbox 12 292 1167 780">
     <span class='ocr_line' id='line_1_2' title="bbox 151 292 1165 372; baseline 0.002 -14"><span class='ocrx_word' id='word_1_6' title='bbox 151 293 224 358; x_wconf 80' lang='lat'><strong>377.</strong></span> <span class='ocrx_word' id='word_1_7' title='bbox 269 292 300 352; x_wconf 88' lang='lat' dir='ltr'><strong>Si</strong></span> <span class='ocrx_word' id='word_1_8' title='bbox 323 292 391 372; x_wconf 85' lang='lat' dir='ltr'><strong>quis</strong></span> <span class='ocrx_word' id='word_1_9' title='bbox 413 292 574 354; x_wconf 92' lang='lat' dir='ltr'><strong>hominem</strong></span> <span class='ocrx_word' id='word_1_10' title='bbox 594 294 728 355; x_wconf 86' lang='lat' dir='ltr'><strong>liberum</strong></span> <span class='ocrx_word' id='word_1_11' title='bbox 749 315 846 356; x_wconf 90' lang='lat' dir='ltr'><strong>uuum</strong></span> <span class='ocrx_word' id='word_1_12' title='bbox 861 298 983 358; x_wconf 92' lang='lat' dir='ltr'><strong>oculum</strong></span> <span class='ocrx_word' id='word_1_13' title='bbox 999 297 1165 360; x_wconf 77' lang='lat' dir='ltr'><strong>habentem</strong></span> 
     </span>
     <span class='ocr_line' id='line_1_3' title="bbox 64 394 1166 480; baseline 0.009 -25"><span class='ocrx_word' id='word_1_14' title='bbox 64 395 170 475; x_wconf 91' lang='lat' dir='ltr'><strong>ipsum</strong></span> <span class='ocrx_word' id='word_1_15' title='bbox 194 394 373 467; x_wconf 83' lang='lat' dir='ltr'><strong>excusserit,</strong></span> <span class='ocrx_word' id='word_1_16' title='bbox 400 395 478 456; x_wconf 91' lang='lat' dir='ltr'><strong>duas</strong></span> <span class='ocrx_word' id='word_1_17' title='bbox 500 404 605 475; x_wconf 89' lang='lat' dir='ltr'><strong>partes</strong></span> <span class='ocrx_word' id='word_1_18' title='bbox 622 397 715 475; x_wconf 91' lang='lat' dir='ltr'><strong>pretii</strong></span> <span class='ocrx_word' id='word_1_19' title='bbox 736 397 843 475; x_wconf 92' lang='lat' dir='ltr'><strong>ipsius,</strong></span> <span class='ocrx_word' id='word_1_20' title='bbox 867 400 951 479; x_wconf 87' lang='lat' dir='ltr'><strong>quod</strong></span> <span class='ocrx_word' id='word_1_21' title='bbox 974 400 1166 480; x_wconf 80' lang='lat' dir='ltr'><strong>adpretiatus</strong></span> 
     </span>
     <span class='ocr_line' id='line_1_4' title="bbox 12 495 1167 583; baseline 0.007 -26"><span class='ocrx_word' id='word_1_22' title='bbox 12 504 16 583; x_wconf 31' lang='grc' dir='ltr'>Ἰ</span> <span class='ocrx_word' id='word_1_23' title='bbox 61 495 158 557; x_wconf 82' lang='lat' dir='ltr'><strong>luerit</strong></span> <span class='ocrx_word' id='word_1_24' title='bbox 175 495 211 558; x_wconf 81' lang='lat' dir='ltr'><strong>si</strong></span> <span class='ocrx_word' id='word_1_25' title='bbox 239 515 311 557; x_wconf 90' lang='lat' dir='ltr'><strong>eum</strong></span> <span class='ocrx_word' id='word_1_26' title='bbox 337 496 510 568; x_wconf 92' lang='lat' dir='ltr'><strong>occidissit,</strong></span> <span class='ocrx_word' id='word_1_27' title='bbox 539 507 705 577; x_wconf 90' lang='lat' dir='ltr'><strong>conponat.</strong></span> <span class='ocrx_word' id='word_1_28' title='bbox 756 498 787 559; x_wconf 91' lang='lat' dir='ltr'><strong>Si</strong></span> <span class='ocrx_word' id='word_1_29' title='bbox 818 505 921 560; x_wconf 89' lang='lat' dir='ltr'><strong>autem</strong></span> <span class='ocrx_word' id='word_1_30' title='bbox 948 500 1088 563; x_wconf 91' lang='lat' dir='ltr'><strong>haldium</strong></span> <span class='ocrx_word' id='word_1_31' title='bbox 1114 512 1167 564; x_wconf 90' lang='lat' dir='ltr'><strong>aut</strong></span> 
     </span>
     <span class='ocr_line' id='line_1_5' title="bbox 62 597 1165 680; baseline 0.006 -21"><span class='ocrx_word' id='word_1_32' title='bbox 62 616 195 659; x_wconf 88' lang='lat' dir='ltr'><strong>seruum</strong></span> <span class='ocrx_word' id='word_1_33' title='bbox 224 597 358 658; x_wconf 90' lang='lat' dir='ltr'><strong>alienum</strong></span> <span class='ocrx_word' id='word_1_34' title='bbox 386 617 482 658; x_wconf 92' lang='lat' dir='ltr'><strong>uuum</strong></span> <span class='ocrx_word' id='word_1_35' title='bbox 508 599 632 660; x_wconf 92' lang='lat' dir='ltr'><strong>oculum</strong></span> <span class='ocrx_word' id='word_1_36' title='bbox 658 600 826 661; x_wconf 87' lang='lat' dir='ltr'><strong>habentem</strong></span> <span class='ocrx_word' id='word_1_37' title='bbox 854 601 956 680; x_wconf 91' lang='lat' dir='ltr'><strong>ipsum</strong></span> <span class='ocrx_word' id='word_1_38' title='bbox 987 606 1165 678; x_wconf 82' lang='lat' dir='ltr'><strong>excusserit,</strong></span> 
     </span>
     <span class='ocr_line' id='line_1_6' title="bbox 60 704 553 780; baseline 0.008 -20"><span class='ocrx_word' id='word_1_39' title='bbox 60 704 224 780; x_wconf 88' lang='lat' dir='ltr'><strong>conponat</strong></span> <span class='ocrx_word' id='word_1_40' title='bbox 245 717 315 759; x_wconf 91' lang='lat' dir='ltr'><strong>eum</strong></span> <span class='ocrx_word' id='word_1_41' title='bbox 337 719 395 779; x_wconf 93' lang='lat' dir='ltr'><strong>pro</strong></span> <span class='ocrx_word' id='word_1_42' title='bbox 418 706 553 764; x_wconf 89' lang='lat' dir='ltr'><strong>mortuo.</strong></span> 
     </span>
    </p>

    <p class='ocr_par' dir='ltr' id='par_1_3' title="bbox 60 799 1165 1599">
     <span class='ocr_line' id='line_1_7' title="bbox 148 799 1165 877; baseline 0.003 -11"><span class='ocrx_word' id='word_1_43' title='bbox 148 803 224 866; x_wconf 80' lang='lat'><strong>378.</strong></span> <span class='ocrx_word' id='word_1_44' title='bbox 267 799 298 861; x_wconf 88' lang='lat' dir='ltr'><strong>Si</strong></span> <span class='ocrx_word' id='word_1_45' title='bbox 322 800 431 861; x_wconf 90' lang='lat' dir='ltr'><strong>mulier</strong></span> <span class='ocrx_word' id='word_1_46' title='bbox 451 801 552 862; x_wconf 87' lang='lat' dir='ltr'><strong>libera</strong></span> <span class='ocrx_word' id='word_1_47' title='bbox 573 802 605 862; x_wconf 92' lang='lat' dir='ltr'><strong>in</strong></span> <span class='ocrx_word' id='word_1_48' title='bbox 628 803 808 864; x_wconf 90' lang='lat' dir='ltr'><strong>scandalum</strong></span> <span class='ocrx_word' id='word_1_49' title='bbox 832 807 1009 877; x_wconf 89' lang='lat' dir='ltr'><strong>cocurrerit,</strong></span> <span class='ocrx_word' id='word_1_50' title='bbox 1032 807 1085 867; x_wconf 88' lang='lat' dir='ltr'><strong>ubi</strong></span> <span class='ocrx_word' id='word_1_51' title='bbox 1107 808 1165 869; x_wconf 91' lang='lat' dir='ltr'><strong>uiri</strong></span> 
     </span>
     <span class='ocr_line' id='line_1_8' title="bbox 60 901 1164 985; baseline 0.005 -21"><span class='ocrx_word' id='word_1_52' title='bbox 60 903 204 985; x_wconf 78' lang='lat' dir='ltr'><strong>litigant,</strong></span> <span class='ocrx_word' id='word_1_53' title='bbox 228 901 253 963; x_wconf 92' lang='lat' dir='ltr'><strong>si</strong></span> <span class='ocrx_word' id='word_1_54' title='bbox 274 902 400 982; x_wconf 84' lang='lat' dir='ltr'><strong>plagam</strong></span> <span class='ocrx_word' id='word_1_55' title='bbox 423 911 476 963; x_wconf 91' lang='lat' dir='ltr'><strong>aut</strong></span> <span class='ocrx_word' id='word_1_56' title='bbox 496 903 620 965; x_wconf 86' lang='lat' dir='ltr'><strong>feritam</strong></span> <span class='ocrx_word' id='word_1_57' title='bbox 641 905 756 965; x_wconf 80' lang='lat' dir='ltr'><strong>iactam</strong></span> <span class='ocrx_word' id='word_1_58' title='bbox 777 904 936 977; x_wconf 88' lang='lat' dir='ltr'><strong>habuerit,</strong></span> <span class='ocrx_word' id='word_1_59' title='bbox 960 915 1013 967; x_wconf 90' lang='lat' dir='ltr'><strong>aut</strong></span> <span class='ocrx_word' id='word_1_60' title='bbox 1032 907 1164 970; x_wconf 84' lang='lat' dir='ltr'><strong>forsitan</strong></span> 
     </span>
     <span class='ocr_line' id='line_1_9' title="bbox 60 1002 1163 1086; baseline 0.005 -21"><span class='ocrx_word' id='word_1_61' title='bbox 60 1004 202 1085; x_wconf 90' lang='lat' dir='ltr'><strong>inpiucta</strong></span> <span class='ocrx_word' id='word_1_62' title='bbox 223 1002 316 1064; x_wconf 85' lang='lat' dir='ltr'><strong>fuerit</strong></span> <span class='ocrx_word' id='word_1_63' title='bbox 337 1010 390 1065; x_wconf 89' lang='lat' dir='ltr'><strong>aut</strong></span> <span class='ocrx_word' id='word_1_64' title='bbox 411 1003 529 1081; x_wconf 89' lang='lat' dir='ltr'><strong>occisa,</strong></span> <span class='ocrx_word' id='word_1_65' title='bbox 558 1006 751 1086; x_wconf 87' lang='lat' dir='ltr'><strong>adpretietur</strong></span> <span class='ocrx_word' id='word_1_66' title='bbox 780 1007 951 1068; x_wconf 90' lang='lat' dir='ltr'><strong>secuudum</strong></span> <span class='ocrx_word' id='word_1_67' title='bbox 972 1009 1163 1070; x_wconf 91' lang='lat' dir='ltr'><strong>nobilitatem</strong></span> 
     </span>
     <span class='ocr_line' id='line_1_10' title="bbox 61 1107 1164 1190; baseline 0.004 -20"><span class='ocrx_word' id='word_1_68' title='bbox 61 1126 166 1179; x_wconf 77' lang='lat' dir='ltr'><strong>suam,</strong></span> <span class='ocrx_word' id='word_1_69' title='bbox 190 1107 286 1167; x_wconf 86' lang='lat' dir='ltr'><strong>etsie</strong></span> <span class='ocrx_word' id='word_1_70' title='bbox 309 1113 513 1186; x_wconf 85' lang='lat' dir='ltr'><strong>conponatur,</strong></span> <span class='ocrx_word' id='word_1_71' title='bbox 537 1114 696 1188; x_wconf 89' lang='lat' dir='ltr'><strong>tamquam</strong></span> <span class='ocrx_word' id='word_1_72' title='bbox 719 1109 744 1170; x_wconf 91' lang='lat' dir='ltr'><strong>si</strong></span> <span class='ocrx_word' id='word_1_73' title='bbox 766 1108 797 1168; x_wconf 94' lang='lat' dir='ltr'><strong>in</strong></span> <span class='ocrx_word' id='word_1_74' title='bbox 819 1108 947 1171; x_wconf 86' lang='lat' dir='ltr'><strong>fratrem</strong></span> <span class='ocrx_word' id='word_1_75' title='bbox 970 1111 1067 1190; x_wconf 85' lang='lat' dir='ltr'><strong>ipsius</strong></span> <span class='ocrx_word' id='word_1_76' title='bbox 1090 1132 1164 1174; x_wconf 93' lang='lat' dir='ltr'><strong>mu-</strong></span> 
     </span>
     <span class='ocr_line' id='line_1_11' title="bbox 62 1208 1162 1291; baseline 0.005 -20"><span class='ocrx_word' id='word_1_77' title='bbox 62 1208 147 1271; x_wconf 90' lang='lat' dir='ltr'><strong>lieris</strong></span> <span class='ocrx_word' id='word_1_78' title='bbox 177 1215 389 1288; x_wconf 89' lang='lat' dir='ltr'><strong>perpetratum</strong></span> <span class='ocrx_word' id='word_1_79' title='bbox 417 1208 541 1285; x_wconf 80' lang='lat' dir='ltr'><strong>fuisset3</strong></span> <span class='ocrx_word' id='word_1_80' title='bbox 571 1230 644 1271; x_wconf 89' lang='lat' dir='ltr'><strong>nam</strong></span> <span class='ocrx_word' id='word_1_81' title='bbox 666 1209 727 1271; x_wconf 89' lang='lat' dir='ltr'><strong>alia</strong></span> <span class='ocrx_word' id='word_1_82' title='bbox 754 1211 845 1290; x_wconf 91' lang='lat' dir='ltr'><strong>culpa</strong></span> <span class='ocrx_word' id='word_1_83' title='bbox 873 1231 931 1291; x_wconf 94' lang='lat' dir='ltr'><strong>pro</strong></span> <span class='ocrx_word' id='word_1_84' title='bbox 958 1212 1069 1274; x_wconf 89' lang='lat' dir='ltr'><strong>iniuria</strong></span> <span class='ocrx_word' id='word_1_85' title='bbox 1096 1234 1162 1286; x_wconf 91' lang='lat' dir='ltr'><strong>sua,</strong></span> 
     </span>
     <span class='ocr_line' id='line_1_12' title="bbox 65 1309 1163 1394; baseline 0.005 -23"><span class='ocrx_word' id='word_1_86' title='bbox 65 1311 146 1372; x_wconf 91' lang='lat' dir='ltr'><strong>unde</strong></span> <span class='ocrx_word' id='word_1_87' title='bbox 174 1309 323 1391; x_wconf 82' lang='lat' dir='ltr'><strong>nongenti</strong></span> <span class='ocrx_word' id='word_1_88' title='bbox 350 1311 441 1372; x_wconf 91' lang='lat' dir='ltr'><strong>solidi</strong></span> <span class='ocrx_word' id='word_1_89' title='bbox 469 1311 657 1382; x_wconf 89' lang='lat' dir='ltr'><strong>iudicantur,</strong></span> <span class='ocrx_word' id='word_1_90' title='bbox 690 1329 753 1370; x_wconf 93' lang='lat' dir='ltr'><strong>non</strong></span> <span class='ocrx_word' id='word_1_91' title='bbox 784 1312 978 1392; x_wconf 87' lang='lat' dir='ltr'><strong>requiratur,</strong></span> <span class='ocrx_word' id='word_1_92' title='bbox 1012 1333 1049 1375; x_wconf 91' lang='lat' dir='ltr'><strong>co</strong></span> <span class='ocrx_word' id='word_1_93' title='bbox 1079 1316 1163 1394; x_wconf 88' lang='lat' dir='ltr'><strong>quod</strong></span> 
     </span>
     <span class='ocr_line' id='line_1_13' title="bbox 64 1411 1162 1492; baseline 0.003 -18"><span class='ocrx_word' id='word_1_94' title='bbox 64 1413 134 1492; x_wconf 87' lang='lat' dir='ltr'><strong>ipsa</strong></span> <span class='ocrx_word' id='word_1_95' title='bbox 156 1413 197 1474; x_wconf 91' lang='lat' dir='ltr'><strong>ad</strong></span> <span class='ocrx_word' id='word_1_96' title='bbox 220 1411 304 1472; x_wconf 90' lang='lat' dir='ltr'><strong>litem</strong></span> <span class='ocrx_word' id='word_1_97' title='bbox 320 1415 462 1486; x_wconf 88' lang='lat' dir='ltr'><strong>cocurrit,</strong></span> <span class='ocrx_word' id='word_1_98' title='bbox 487 1412 570 1492; x_wconf 88' lang='lat' dir='ltr'><strong>quod</strong></span> <span class='ocrx_word' id='word_1_99' title='bbox 585 1411 784 1474; x_wconf 91' lang='lat' dir='ltr'><strong>inhonestum</strong></span> <span class='ocrx_word' id='word_1_100' title='bbox 800 1423 848 1476; x_wconf 90' lang='lat' dir='ltr'><strong>est</strong></span> <span class='ocrx_word' id='word_1_101' title='bbox 863 1414 1042 1478; x_wconf 87' lang='lat' dir='ltr'><strong>mulieribus</strong></span> <span class='ocrx_word' id='word_1_102' title='bbox 1059 1416 1162 1477; x_wconf 86' lang='lat' dir='ltr'><strong>lacere</strong></span> 
     </span>
     <span class='ocr_line' id='line_1_14' title="bbox 62 1513 337 1599; baseline 0.007 -23"><span class='ocrx_word' id='word_1_103' title='bbox 62 1514 135 1599; x_wconf 74' lang='lat' dir='ltr'><strong>[cfr.</strong></span> <span class='ocrx_word' id='word_1_104' title='bbox 159 1534 231 1594; x_wconf 83' lang='lat' dir='ltr'><strong>cup.</strong></span> <span class='ocrx_word' id='word_1_105' title='bbox 254 1513 337 1597; x_wconf 56' lang='lat'><strong>257}</strong></span> 
     </span>
    </p>

    <p class='ocr_par' dir='ltr' id='par_1_4' title="bbox 60 1615 1163 2310">
     <span class='ocr_line' id='line_1_15' title="bbox 148 1615 1162 1695; baseline 0.001 -15"><span class='ocrx_word' id='word_1_106' title='bbox 148 1618 221 1681; x_wconf 80' lang='lat'>379.</span> <span class='ocrx_word' id='word_1_107' title='bbox 266 1615 388 1695; x_wconf 89' lang='lat' dir='ltr'><strong>Siquis</strong></span> <span class='ocrx_word' id='word_1_108' title='bbox 412 1615 566 1677; x_wconf 79' lang='lat' dir='ltr'><strong>cassinum</strong></span> <span class='ocrx_word' id='word_1_109' title='bbox 595 1623 649 1676; x_wconf 90' lang='lat' dir='ltr'><strong>aut</strong></span> <span class='ocrx_word' id='word_1_110' title='bbox 677 1623 790 1676; x_wconf 89' lang='lat' dir='ltr'><strong>tectum</strong></span> <span class='ocrx_word' id='word_1_111' title='bbox 817 1616 951 1678; x_wconf 88' lang='lat' dir='ltr'><strong>alienum</strong></span> <span class='ocrx_word' id='word_1_112' title='bbox 980 1619 1056 1681; x_wconf 86' lang='lat' dir='ltr'><strong>foris</strong></span> <span class='ocrx_word' id='word_1_113' title='bbox 1087 1639 1162 1680; x_wconf 89' lang='lat' dir='ltr'><strong>cur-</strong></span> 
     </span>
     <span class='ocr_line' id='line_1_16' title="bbox 62 1701 1160 1795; baseline 0.004 -16"><span class='ocrx_word' id='word_1_114' title='bbox 62 1725 143 1789; x_wconf 89' lang='lat' dir='ltr'><strong>tem,</strong></span> <span class='ocrx_word' id='word_1_115' title='bbox 179 1717 232 1778; x_wconf 93' lang='lat' dir='ltr'><strong>ubi</strong></span> <span class='ocrx_word' id='word_1_116' title='bbox 262 1719 311 1777; x_wconf 90' lang='lat' dir='ltr'><strong>uir</strong></span> <span class='ocrx_word' id='word_1_117' title='bbox 345 1736 408 1777; x_wconf 95' lang='lat' dir='ltr'><strong>non</strong></span> <span class='ocrx_word' id='word_1_118' title='bbox 440 1716 578 1789; x_wconf 89' lang='lat' dir='ltr'><strong>habitat,</strong></span> <span class='ocrx_word' id='word_1_119' title='bbox 612 1717 686 1778; x_wconf 93' lang='lat' dir='ltr'><strong>dum</strong></span> <span class='ocrx_word' id='word_1_120' title='bbox 711 1701 839 1777; x_wconf 83' lang='lat' dir='ltr'><strong>intentio</strong></span> <span class='ocrx_word' id='word_1_121' title='bbox 873 1717 965 1779; x_wconf 83' lang='lat' dir='ltr'><strong>fuerit</strong></span> <span class='ocrx_word' id='word_1_122' title='bbox 997 1720 1036 1779; x_wconf 92' lang='lat' dir='ltr'><strong>de</strong></span> <span class='ocrx_word' id='word_1_123' title='bbox 1068 1728 1160 1795; x_wconf 87' lang='lat' dir='ltr'><strong>terra,</strong></span> 
     </span>
     <span class='ocr_line' id='line_1_17' title="bbox 60 1818 1163 1890; baseline 0.003 -10"><span class='ocrx_word' id='word_1_124' title='bbox 60 1818 285 1882; x_wconf 89' lang='lat' dir='ltr'><strong>disturbauerit</strong></span> <span class='ocrx_word' id='word_1_125' title='bbox 300 1826 359 1879; x_wconf 82' lang='lat' dir='ltr'><strong>-aut</strong></span> <span class='ocrx_word' id='word_1_126' title='bbox 380 1820 412 1878; x_wconf 89' lang='lat' dir='ltr'><strong>in</strong></span> <span class='ocrx_word' id='word_1_127' title='bbox 433 1826 550 1879; x_wconf 89' lang='lat' dir='ltr'><strong>terram</strong></span> <span class='ocrx_word' id='word_1_128' title='bbox 577 1818 754 1890; x_wconf 89' lang='lat' dir='ltr'><strong>iactauerit,</strong></span> <span class='ocrx_word' id='word_1_129' title='bbox 781 1825 812 1878; x_wconf 90' lang='lat' dir='ltr'><strong>et</strong></span> <span class='ocrx_word' id='word_1_130' title='bbox 833 1825 950 1880; x_wconf 89' lang='lat' dir='ltr'><strong>terram</strong></span> <span class='ocrx_word' id='word_1_131' title='bbox 973 1840 1061 1882; x_wconf 91' lang='lat' dir='ltr'><strong>suam</strong></span> <span class='ocrx_word' id='word_1_132' title='bbox 1085 1822 1163 1884; x_wconf 91' lang='lat' dir='ltr'><strong>sicut</strong></span> 
     </span>
     <span class='ocr_line' id='line_1_18' title="bbox 60 1919 1160 2000; baseline 0 -19"><span class='ocrx_word' id='word_1_133' title='bbox 60 1921 113 1982; x_wconf 92' lang='lat' dir='ltr'><strong>lex</strong></span> <span class='ocrx_word' id='word_1_134' title='bbox 134 1920 232 1981; x_wconf 87' lang='lat' dir='ltr'><strong>habet</strong></span> <span class='ocrx_word' id='word_1_135' title='bbox 246 1920 430 1981; x_wconf 89' lang='lat' dir='ltr'><strong>conuincere</strong></span> <span class='ocrx_word' id='word_1_136' title='bbox 452 1941 514 1981; x_wconf 92' lang='lat' dir='ltr'><strong>non</strong></span> <span class='ocrx_word' id='word_1_137' title='bbox 535 1919 678 1999; x_wconf 90' lang='lat' dir='ltr'><strong>potuerit,</strong></span> <span class='ocrx_word' id='word_1_138' title='bbox 700 1925 854 1979; x_wconf 82' lang='lat' dir='ltr'><strong>restauret</strong></span> <span class='ocrx_word' id='word_1_139' title='bbox 875 1920 974 2000; x_wconf 91' lang='lat' dir='ltr'><strong>ipsam</strong></span> <span class='ocrx_word' id='word_1_140' title='bbox 997 1923 1160 1994; x_wconf 88' lang='lat' dir='ltr'><strong>oassinam,</strong></span> 
     </span>
     <span class='ocr_line' id='line_1_19' title="bbox 64 2019 1161 2102; baseline -0.001 -18"><span class='ocrx_word' id='word_1_141' title='bbox 64 2030 97 2084; x_wconf 89' lang='lat' dir='ltr'><strong>et</strong></span> <span class='ocrx_word' id='word_1_142' title='bbox 116 2028 275 2102; x_wconf 89' lang='lat' dir='ltr'><strong>conponat</strong></span> <span class='ocrx_word' id='word_1_143' title='bbox 304 2022 397 2082; x_wconf 88' lang='lat' dir='ltr'><strong>aliam</strong></span> <span class='ocrx_word' id='word_1_144' title='bbox 423 2023 515 2082; x_wconf 87' lang='lat' dir='ltr'><strong>talem</strong></span> <span class='ocrx_word' id='word_1_145' title='bbox 545 2023 601 2082; x_wconf 90' lang='lat' dir='ltr'><strong>sub</strong></span> <span class='ocrx_word' id='word_1_146' title='bbox 631 2019 863 2080; x_wconf 87' lang='lat' dir='ltr'><strong>extimationem</strong></span> <span class='ocrx_word' id='word_1_147' title='bbox 890 2023 990 2100; x_wconf 84' lang='lat' dir='ltr'><strong>pretii.</strong></span> <span class='ocrx_word' id='word_1_148' title='bbox 1032 2023 1111 2084; x_wconf 88' lang='lat' dir='ltr'><strong>Nam</strong></span> <span class='ocrx_word' id='word_1_149' title='bbox 1135 2024 1161 2086; x_wconf 94' lang='lat' dir='ltr'><strong>si</strong></span> 
     </span>
     <span class='ocr_line' id='line_1_20' title="bbox 67 2121 1160 2202; baseline 0.002 -18"><span class='ocrx_word' id='word_1_150' title='bbox 67 2142 137 2186; x_wconf 84' lang='lat' dir='ltr'><strong>casa</strong></span> <span class='ocrx_word' id='word_1_151' title='bbox 168 2123 222 2185; x_wconf 92' lang='lat' dir='ltr'><strong>ubi</strong></span> <span class='ocrx_word' id='word_1_152' title='bbox 254 2123 428 2198; x_wconf 89' lang='lat' dir='ltr'><strong>habitatur,</strong></span> <span class='ocrx_word' id='word_1_153' title='bbox 463 2121 698 2192; x_wconf 87' lang='lat' dir='ltr'><strong>disturbauerit,</strong></span> <span class='ocrx_word' id='word_1_154' title='bbox 739 2131 897 2202; x_wconf 91' lang='lat' dir='ltr'><strong>conponat</strong></span> <span class='ocrx_word' id='word_1_155' title='bbox 930 2124 1006 2185; x_wconf 91' lang='lat' dir='ltr'><strong>sicut</strong></span> <span class='ocrx_word' id='word_1_156' title='bbox 1035 2125 1066 2184; x_wconf 91' lang='lat' dir='ltr'><strong>in</strong></span> <span class='ocrx_word' id='word_1_157' title='bbox 1099 2125 1160 2186; x_wconf 92' lang='lat' dir='ltr'><strong>hoc</strong></span> 
     </span>
     <span class='ocr_line' id='line_1_21' title="bbox 63 2223 844 2310; baseline -0.003 -23"><span class='ocrx_word' id='word_1_158' title='bbox 63 2226 196 2288; x_wconf 90' lang='lat' dir='ltr'><strong>edictum</strong></span> <span class='ocrx_word' id='word_1_159' title='bbox 219 2225 302 2310; x_wconf 84' lang='lat' dir='ltr'><strong>[cup.</strong></span> <span class='ocrx_word' id='word_1_160' title='bbox 328 2227 396 2290; x_wconf 79' lang='lat'>146.</span> <span class='ocrx_word' id='word_1_161' title='bbox 422 2224 491 2308; x_wconf 82' lang='lat'>149]</span> <span class='ocrx_word' id='word_1_162' title='bbox 513 2224 634 2304; x_wconf 88' lang='lat' dir='ltr'><strong>legitur,</strong></span> <span class='ocrx_word' id='word_1_163' title='bbox 658 2223 844 2285; x_wconf 88' lang='lat' dir='ltr'><strong>aratraibus.</strong></span> 
     </span>
    </p>

    <p class='ocr_par' dir='ltr' id='par_1_5' title="bbox 60 2324 1161 2605">
     <span class='ocr_line' id='line_1_22' title="bbox 129 2324 1160 2407; baseline -0.003 -15"><span class='ocrx_word' id='word_1_164' title='bbox 129 2324 221 2394; x_wconf 83' lang='lat'><strong>&#39;380.</strong></span> <span class='ocrx_word' id='word_1_165' title='bbox 266 2327 296 2388; x_wconf 89' lang='lat' dir='ltr'><strong>Si</strong></span> <span class='ocrx_word' id='word_1_166' title='bbox 319 2326 386 2407; x_wconf 91' lang='lat' dir='ltr'><strong>quis</strong></span> <span class='ocrx_word' id='word_1_167' title='bbox 409 2325 562 2406; x_wconf 89' lang='lat' dir='ltr'><strong>peculium</strong></span> <span class='ocrx_word' id='word_1_168' title='bbox 585 2344 675 2387; x_wconf 93' lang='lat' dir='ltr'><strong>suum</strong></span> <span class='ocrx_word' id='word_1_169' title='bbox 693 2325 731 2384; x_wconf 91' lang='lat' dir='ltr'><strong>de</strong></span> <span class='ocrx_word' id='word_1_170' title='bbox 754 2325 896 2387; x_wconf 89' lang='lat' dir='ltr'><strong>clausura</strong></span> <span class='ocrx_word' id='word_1_171' title='bbox 919 2326 1020 2388; x_wconf 88' lang='lat' dir='ltr'><strong>aliena</strong></span> <span class='ocrx_word' id='word_1_172' title='bbox 1042 2328 1160 2389; x_wconf 80' lang='lat' dir='ltr'><strong>occulte</strong></span> 
     </span>
     <span class='ocr_line' id='line_1_23' title="bbox 61 2428 1161 2509; baseline 0.001 -18"><span class='ocrx_word' id='word_1_173' title='bbox 61 2431 181 2506; x_wconf 89' lang='lat' dir='ltr'><strong>tulerit,</strong></span> <span class='ocrx_word' id='word_1_174' title='bbox 214 2437 246 2490; x_wconf 91' lang='lat' dir='ltr'><strong>et</strong></span> <span class='ocrx_word' id='word_1_175' title='bbox 266 2449 329 2490; x_wconf 92' lang='lat' dir='ltr'><strong>uon</strong></span> <span class='ocrx_word' id='word_1_176' title='bbox 352 2428 524 2509; x_wconf 86' lang='lat' dir='ltr'><strong>rogauerit,</strong></span> <span class='ocrx_word' id='word_1_177' title='bbox 559 2435 714 2507; x_wconf 90' lang='lat' dir='ltr'><strong>conponat</strong></span> <span class='ocrx_word' id='word_1_178' title='bbox 741 2428 833 2490; x_wconf 90' lang='lat' dir='ltr'><strong>curtis</strong></span> <span class='ocrx_word' id='word_1_179' title='bbox 864 2437 1027 2509; x_wconf 89' lang='lat' dir='ltr'><strong>rupturae,</strong></span> <span class='ocrx_word' id='word_1_180' title='bbox 1060 2430 1161 2492; x_wconf 89' lang='lat' dir='ltr'><strong>idest</strong></span> 
     </span>
     <span class='ocr_line' id='line_1_24' title="bbox 60 2531 425 2605; baseline 0.003 -11"><span class='ocrx_word' id='word_1_181' title='bbox 60 2533 211 2605; x_wconf 90' lang='lat' dir='ltr'><strong>hoberos,</strong></span> <span class='ocrx_word' id='word_1_182' title='bbox 235 2531 351 2593; x_wconf 92' lang='lat' dir='ltr'><strong>solidos</strong></span> <span class='ocrx_word' id='word_1_183' title='bbox 374 2534 425 2595; x_wconf 78' lang='lat'><strong>20.</strong></span> 
     </span>
    </p>

    <p class='ocr_par' dir='ltr' id='par_1_6' title="bbox 60 2631 1161 3223">
     <span class='ocr_line' id='line_1_25' title="bbox 145 2631 1161 2713; baseline -0.005 -13"><span class='ocrx_word' id='word_1_184' title='bbox 145 2635 220 2700; x_wconf 80' lang='lat'><strong>381.</strong></span> <span class='ocrx_word' id='word_1_185' title='bbox 264 2633 295 2694; x_wconf 88' lang='lat' dir='ltr'><strong>Si</strong></span> <span class='ocrx_word' id='word_1_186' title='bbox 325 2633 394 2713; x_wconf 90' lang='lat' dir='ltr'><strong>quis</strong></span> <span class='ocrx_word' id='word_1_187' title='bbox 424 2631 517 2693; x_wconf 89' lang='lat' dir='ltr'><strong>alium</strong></span> <span class='ocrx_word' id='word_1_188' title='bbox 551 2650 626 2711; x_wconf 85' lang='lat' dir='ltr'><strong>arga</strong></span> <span class='ocrx_word' id='word_1_189' title='bbox 655 2650 713 2710; x_wconf 90' lang='lat' dir='ltr'><strong>per</strong></span> <span class='ocrx_word' id='word_1_190' title='bbox 739 2632 877 2692; x_wconf 86' lang='lat' dir='ltr'><strong>furorem</strong></span> <span class='ocrx_word' id='word_1_191' title='bbox 905 2634 1100 2705; x_wconf 90' lang='lat' dir='ltr'><strong>clamauerit,</strong></span> <span class='ocrx_word' id='word_1_192' title='bbox 1130 2641 1161 2695; x_wconf 92' lang='lat' dir='ltr'><strong>et</strong></span> 
     </span>
     <span class='ocr_line' id='line_1_26' title="bbox 61 2732 1159 2817; baseline 0 -20"><span class='ocrx_word' id='word_1_193' title='bbox 61 2755 179 2817; x_wconf 90' lang='lat' dir='ltr'><strong>negare</strong></span> <span class='ocrx_word' id='word_1_194' title='bbox 206 2752 270 2796; x_wconf 91' lang='lat' dir='ltr'><strong>non</strong></span> <span class='ocrx_word' id='word_1_195' title='bbox 298 2734 449 2814; x_wconf 92' lang='lat' dir='ltr'><strong>potuerit,</strong></span> <span class='ocrx_word' id='word_1_196' title='bbox 479 2740 509 2794; x_wconf 88' lang='lat' dir='ltr'><strong>et</strong></span> <span class='ocrx_word' id='word_1_197' title='bbox 531 2732 642 2792; x_wconf 83' lang='lat' dir='ltr'><strong>dixerit</strong></span> <span class='ocrx_word' id='word_1_198' title='bbox 668 2733 752 2811; x_wconf 91' lang='lat' dir='ltr'><strong>quod</strong></span> <span class='ocrx_word' id='word_1_199' title='bbox 778 2752 834 2812; x_wconf 90' lang='lat' dir='ltr'><strong>per</strong></span> <span class='ocrx_word' id='word_1_200' title='bbox 861 2734 998 2796; x_wconf 86' lang='lat' dir='ltr'><strong>furorem</strong></span> <span class='ocrx_word' id='word_1_201' title='bbox 1021 2736 1159 2808; x_wconf 80' lang='lat' dir='ltr'><strong>dixisset,</strong></span> 
     </span>
     <span class='ocr_line' id='line_1_27' title="bbox 61 2835 1159 2916; baseline -0.001 -17"><span class='ocrx_word' id='word_1_202' title='bbox 61 2847 133 2900; x_wconf 92' lang='lat' dir='ltr'><strong>tunc</strong></span> <span class='ocrx_word' id='word_1_203' title='bbox 154 2838 274 2898; x_wconf 87' lang='lat' dir='ltr'><strong>iuratus</strong></span> <span class='ocrx_word' id='word_1_204' title='bbox 297 2837 394 2912; x_wconf 88' lang='lat' dir='ltr'><strong>dicat,</strong></span> <span class='ocrx_word' id='word_1_205' title='bbox 419 2835 502 2916; x_wconf 90' lang='lat' dir='ltr'><strong>quod</strong></span> <span class='ocrx_word' id='word_1_206' title='bbox 525 2852 595 2893; x_wconf 90' lang='lat' dir='ltr'><strong>cum</strong></span> <span class='ocrx_word' id='word_1_207' title='bbox 623 2851 699 2912; x_wconf 87' lang='lat' dir='ltr'><strong>arga</strong></span> <span class='ocrx_word' id='word_1_208' title='bbox 720 2853 783 2892; x_wconf 92' lang='lat' dir='ltr'><strong>non</strong></span> <span class='ocrx_word' id='word_1_209' title='bbox 806 2836 1019 2914; x_wconf 79' lang='lat' dir='ltr'><strong>cognouisset3</strong></span> <span class='ocrx_word' id='word_1_210' title='bbox 1048 2847 1159 2915; x_wconf 88' lang='lat' dir='ltr'><strong>postea</strong></span> 
     </span>
     <span class='ocr_line' id='line_1_28' title="bbox 61 2933 1159 3019; baseline -0.002 -19"><span class='ocrx_word' id='word_1_211' title='bbox 61 2946 220 3019; x_wconf 91' lang='lat' dir='ltr'><strong>conponat</strong></span> <span class='ocrx_word' id='word_1_212' title='bbox 241 2958 300 3018; x_wconf 93' lang='lat' dir='ltr'><strong>pro</strong></span> <span class='ocrx_word' id='word_1_213' title='bbox 322 2937 392 3018; x_wconf 93' lang='lat' dir='ltr'><strong>ipso</strong></span> <span class='ocrx_word' id='word_1_214' title='bbox 414 2935 566 2996; x_wconf 87' lang='lat' dir='ltr'><strong>iniurioso</strong></span> <span class='ocrx_word' id='word_1_215' title='bbox 589 2935 687 2994; x_wconf 90' lang='lat' dir='ltr'><strong>uerbo</strong></span> <span class='ocrx_word' id='word_1_216' title='bbox 710 2933 828 2995; x_wconf 89' lang='lat' dir='ltr'><strong>solidos</strong></span> <span class='ocrx_word' id='word_1_217' title='bbox 851 2935 1024 2996; x_wconf 89' lang='lat' dir='ltr'><strong>duodecim.</strong></span> <span class='ocrx_word' id='word_1_218' title='bbox 1074 2938 1112 2997; x_wconf 89' lang='lat' dir='ltr'><strong>Et</strong></span> <span class='ocrx_word' id='word_1_219' title='bbox 1133 2938 1159 2998; x_wconf 92' lang='lat' dir='ltr'><strong>si</strong></span> 
     </span>
     <span class='ocr_line' id='line_1_29' title="bbox 60 3026 1159 3120; baseline -0.002 -19"><span class='ocrx_word' id='word_1_220' title='bbox 60 3041 320 3120; x_wconf 88' lang='lat' dir='ltr'><strong>perseuerauerit,</strong></span> <span class='ocrx_word' id='word_1_221' title='bbox 344 3039 508 3100; x_wconf 89' lang='lat' dir='ltr'><strong>conuincat</strong></span> <span class='ocrx_word' id='word_1_222' title='bbox 529 3055 586 3116; x_wconf 93' lang='lat' dir='ltr'><strong>per</strong></span> <span class='ocrx_word' id='word_1_223' title='bbox 608 3054 754 3115; x_wconf 89' lang='lat' dir='ltr'><strong>pugnam,</strong></span> <span class='ocrx_word' id='word_1_224' title='bbox 786 3035 810 3095; x_wconf 90' lang='lat' dir='ltr'><strong>si</strong></span> <span class='ocrx_word' id='word_1_225' title='bbox 833 3035 978 3114; x_wconf 90' lang='lat' dir='ltr'><strong>potuerit,</strong></span> <span class='ocrx_word' id='word_1_226' title='bbox 1002 3026 1059 3098; x_wconf 88' lang='lat' dir='ltr'><strong>aut</strong></span> <span class='ocrx_word' id='word_1_227' title='bbox 1076 3047 1159 3100; x_wconf 93' lang='lat' dir='ltr'><strong>certe</strong></span> 
     </span>
     <span class='ocr_line' id='line_1_30' title="bbox 60 3149 402 3223; baseline 0.009 -20"><span class='ocrx_word' id='word_1_228' title='bbox 60 3149 220 3223; x_wconf 89' lang='lat' dir='ltr'><strong>conponat</strong></span> <span class='ocrx_word' id='word_1_229' title='bbox 241 3150 275 3202; x_wconf 89' lang='lat' dir='ltr'><strong>ut</strong></span> <span class='ocrx_word' id='word_1_230' title='bbox 297 3161 402 3222; x_wconf 88' lang='lat' dir='ltr'><strong>supra.</strong></span> 
     </span>
    </p>

    <p class='ocr_par' dir='ltr' id='par_1_7' title="bbox 60 3237 1160 3629">
     <span class='ocr_line' id='line_1_31' title="bbox 144 3237 1160 3323; baseline -0.008 -14"><span class='ocrx_word' id='word_1_231' title='bbox 144 3244 218 3309; x_wconf 77' lang='lat'><strong>382.</strong></span> <span class='ocrx_word' id='word_1_232' title='bbox 263 3243 295 3304; x_wconf 88' lang='lat' dir='ltr'><strong>Si</strong></span> <span class='ocrx_word' id='word_1_233' title='bbox 318 3242 385 3323; x_wconf 92' lang='lat' dir='ltr'><strong>quis</strong></span> <span class='ocrx_word' id='word_1_234' title='bbox 407 3239 567 3303; x_wconf 89' lang='lat' dir='ltr'><strong>hominem</strong></span> <span class='ocrx_word' id='word_1_235' title='bbox 581 3238 713 3299; x_wconf 89' lang='lat' dir='ltr'><strong>liberum</strong></span> <span class='ocrx_word' id='word_1_236' title='bbox 730 3237 891 3319; x_wconf 84' lang='lat' dir='ltr'><strong>inpegerit,</strong></span> <span class='ocrx_word' id='word_1_237' title='bbox 914 3247 948 3300; x_wconf 88' lang='lat' dir='ltr'><strong>ut</strong></span> <span class='ocrx_word' id='word_1_238' title='bbox 962 3241 1061 3312; x_wconf 91' lang='lat' dir='ltr'><strong>cadat,</strong></span> <span class='ocrx_word' id='word_1_239' title='bbox 1077 3260 1160 3301; x_wconf 94' lang='lat' dir='ltr'><strong>con-</strong></span> 
     </span>
     <span class='ocr_line' id='line_1_32' title="bbox 60 3339 1159 3426; baseline -0.004 -19"><span class='ocrx_word' id='word_1_240' title='bbox 60 3352 158 3426; x_wconf 87' lang='lat' dir='ltr'><strong>ponat</strong></span> <span class='ocrx_word' id='word_1_241' title='bbox 173 3346 293 3407; x_wconf 91' lang='lat' dir='ltr'><strong>solidos</strong></span> <span class='ocrx_word' id='word_1_242' title='bbox 316 3364 380 3416; x_wconf 88' lang='lat' dir='ltr'><strong>sex,</strong></span> <span class='ocrx_word' id='word_1_243' title='bbox 403 3343 447 3405; x_wconf 93' lang='lat' dir='ltr'><strong>sic</strong></span> <span class='ocrx_word' id='word_1_244' title='bbox 470 3349 575 3402; x_wconf 89' lang='lat' dir='ltr'><strong>tamen</strong></span> <span class='ocrx_word' id='word_1_245' title='bbox 598 3339 624 3402; x_wconf 94' lang='lat' dir='ltr'><strong>si</strong></span> <span class='ocrx_word' id='word_1_246' title='bbox 646 3341 777 3400; x_wconf 87' lang='lat' dir='ltr'><strong>alteram</strong></span> <span class='ocrx_word' id='word_1_247' title='bbox 798 3341 948 3403; x_wconf 89' lang='lat' dir='ltr'><strong>lesionem</strong></span> <span class='ocrx_word' id='word_1_248' title='bbox 971 3343 1003 3401; x_wconf 92' lang='lat' dir='ltr'><strong>in</strong></span> <span class='ocrx_word' id='word_1_249' title='bbox 1025 3361 1159 3422; x_wconf 90' lang='lat' dir='ltr'><strong>corpore</strong></span> 
     </span>
     <span class='ocr_line' id='line_1_33' title="bbox 60 3442 1158 3528; baseline -0.004 -19"><span class='ocrx_word' id='word_1_250' title='bbox 60 3447 160 3528; x_wconf 89' lang='lat' dir='ltr'><strong>ipsius</strong></span> <span class='ocrx_word' id='word_1_251' title='bbox 184 3466 247 3508; x_wconf 92' lang='lat' dir='ltr'><strong>non</strong></span> <span class='ocrx_word' id='word_1_252' title='bbox 269 3445 384 3510; x_wconf 86' lang='lat' dir='ltr'><strong>fecerit.</strong></span> <span class='ocrx_word' id='word_1_253' title='bbox 422 3444 454 3505; x_wconf 87' lang='lat' dir='ltr'><strong>si</strong></span> <span class='ocrx_word' id='word_1_254' title='bbox 476 3450 580 3504; x_wconf 91' lang='lat' dir='ltr'><strong>autem</strong></span> <span class='ocrx_word' id='word_1_255' title='bbox 602 3461 673 3503; x_wconf 91' lang='lat' dir='ltr'><strong>eum</strong></span> <span class='ocrx_word' id='word_1_256' title='bbox 695 3442 847 3523; x_wconf 91' lang='lat' dir='ltr'><strong>inpegerit</strong></span> <span class='ocrx_word' id='word_1_257' title='bbox 868 3451 899 3504; x_wconf 90' lang='lat' dir='ltr'><strong>et</strong></span> <span class='ocrx_word' id='word_1_258' title='bbox 919 3460 982 3504; x_wconf 89' lang='lat' dir='ltr'><strong>non</strong></span> <span class='ocrx_word' id='word_1_259' title='bbox 1005 3445 1158 3516; x_wconf 87' lang='lat' dir='ltr'><strong>ceciderit,</strong></span> 
     </span>
     <span class='ocr_line' id='line_1_34' title="bbox 60 3538 676 3629; baseline -0.005 -18"><span class='ocrx_word' id='word_1_260' title='bbox 60 3558 221 3629; x_wconf 91' lang='lat' dir='ltr'><strong>conponat</strong></span> <span class='ocrx_word' id='word_1_261' title='bbox 242 3548 360 3610; x_wconf 90' lang='lat' dir='ltr'><strong>solidos</strong></span> <span class='ocrx_word' id='word_1_262' title='bbox 382 3555 456 3612; x_wconf 89' lang='lat' dir='ltr'><strong>tres.</strong></span> <span class='ocrx_word' id='word_1_263' title='bbox 667 3538 676 3559; x_wconf 57' lang='lat'>⁴</span> 
     </span>
    </p>

    <p class='ocr_par' dir='ltr' id='par_1_8' title="bbox 60 3648 1161 4035">
     <span class='ocr_line' id='line_1_35' title="bbox 145 3648 1159 3729; baseline -0.008 -13"><span class='ocrx_word' id='word_1_264' title='bbox 145 3652 218 3716; x_wconf 82' lang='lat'><strong>383.</strong></span> <span class='ocrx_word' id='word_1_265' title='bbox 267 3650 299 3711; x_wconf 88' lang='lat' dir='ltr'><strong>Si</strong></span> <span class='ocrx_word' id='word_1_266' title='bbox 328 3649 396 3729; x_wconf 92' lang='lat' dir='ltr'><strong>quis</strong></span> <span class='ocrx_word' id='word_1_267' title='bbox 429 3648 587 3710; x_wconf 89' lang='lat' dir='ltr'><strong>hominem</strong></span> <span class='ocrx_word' id='word_1_268' title='bbox 620 3648 751 3708; x_wconf 87' lang='lat' dir='ltr'><strong>liberum</strong></span> <span class='ocrx_word' id='word_1_269' title='bbox 784 3655 959 3728; x_wconf 89' lang='lat' dir='ltr'><strong>surgentem</strong></span> <span class='ocrx_word' id='word_1_270' title='bbox 994 3667 1070 3710; x_wconf 85' lang='lat' dir='ltr'><strong>rexa</strong></span> <span class='ocrx_word' id='word_1_271' title='bbox 1102 3668 1159 3728; x_wconf 87' lang='lat' dir='ltr'><strong>per</strong></span> 
     </span>
     <span class='ocr_line' id='line_1_36' title="bbox 60 3749 1160 3838; baseline -0.003 -24"><span class='ocrx_word' id='word_1_272' title='bbox 60 3755 179 3838; x_wconf 78' lang='lat' dir='ltr'><strong>barbas</strong></span> <span class='ocrx_word' id='word_1_273' title='bbox 207 3759 261 3813; x_wconf 88' lang='lat' dir='ltr'><strong>aut</strong></span> <span class='ocrx_word' id='word_1_274' title='bbox 289 3751 417 3832; x_wconf 90' lang='lat' dir='ltr'><strong>capillos</strong></span> <span class='ocrx_word' id='word_1_275' title='bbox 447 3750 588 3822; x_wconf 81' lang='lat' dir='ltr'><strong>traxerit,</strong></span> <span class='ocrx_word' id='word_1_276' title='bbox 611 3757 769 3830; x_wconf 87' lang='lat' dir='ltr'><strong>conponat</strong></span> <span class='ocrx_word' id='word_1_277' title='bbox 796 3749 913 3812; x_wconf 92' lang='lat' dir='ltr'><strong>solidos</strong></span> <span class='ocrx_word' id='word_1_278' title='bbox 937 3768 1007 3823; x_wconf 88' lang='lat' dir='ltr'><strong>sex;</strong></span> <span class='ocrx_word' id='word_1_279' title='bbox 1037 3749 1063 3811; x_wconf 88' lang='lat' dir='ltr'><strong>sl</strong></span> <span class='ocrx_word' id='word_1_280' title='bbox 1084 3749 1160 3811; x_wconf 88' lang='lat' dir='ltr'><strong>hal-</strong></span> 
     </span>
     <span class='ocr_line' id='line_1_37' title="bbox 60 3851 1161 3931; baseline 0.001 -17"><span class='ocrx_word' id='word_1_281' title='bbox 60 3855 149 3914; x_wconf 92' lang='lat' dir='ltr'><strong>dlum</strong></span> <span class='ocrx_word' id='word_1_282' title='bbox 171 3860 226 3915; x_wconf 88' lang='lat' dir='ltr'><strong>aut</strong></span> <span class='ocrx_word' id='word_1_283' title='bbox 247 3851 468 3916; x_wconf 88' lang='lat' dir='ltr'><strong>ministirialcm</strong></span> <span class='ocrx_word' id='word_1_284' title='bbox 497 3871 552 3914; x_wconf 91' lang='lat' dir='ltr'><strong>seu</strong></span> <span class='ocrx_word' id='word_1_285' title='bbox 581 3871 674 3914; x_wconf 91' lang='lat' dir='ltr'><strong>seruo</strong></span> <span class='ocrx_word' id='word_1_286' title='bbox 702 3851 858 3914; x_wconf 83' lang='lat' dir='ltr'><strong>rusticano</strong></span> <span class='ocrx_word' id='word_1_287' title='bbox 885 3869 941 3931; x_wconf 92' lang='lat' dir='ltr'><strong>per</strong></span> <span class='ocrx_word' id='word_1_288' title='bbox 969 3852 1084 3914; x_wconf 83' lang='lat' dir='ltr'><strong>barbas</strong></span> <span class='ocrx_word' id='word_1_289' title='bbox 1106 3860 1161 3914; x_wconf 88' lang='lat' dir='ltr'><strong>aut</strong></span> 
     </span>
     <span class='ocr_line' id='line_1_38' title="bbox 60 3949 913 4035; baseline -0.005 -19"><span class='ocrx_word' id='word_1_290' title='bbox 60 3954 192 4035; x_wconf 91' lang='lat' dir='ltr'><strong>capillos</strong></span> <span class='ocrx_word' id='word_1_291' title='bbox 216 3955 352 4027; x_wconf 88' lang='lat' dir='ltr'><strong>traxerit,</strong></span> <span class='ocrx_word' id='word_1_292' title='bbox 375 3962 531 4035; x_wconf 88' lang='lat' dir='ltr'><strong>conponat</strong></span> <span class='ocrx_word' id='word_1_293' title='bbox 553 3953 631 4016; x_wconf 92' lang='lat' dir='ltr'><strong>sicut</strong></span> <span class='ocrx_word' id='word_1_294' title='bbox 651 3973 709 4033; x_wconf 95' lang='lat' dir='ltr'><strong>pro</strong></span> <span class='ocrx_word' id='word_1_295' title='bbox 731 3949 821 4014; x_wconf 78' lang='lat' dir='ltr'><strong>scrita</strong></span> <span class='ocrx_word' id='word_1_296' title='bbox 842 3971 913 4013; x_wconf 90' lang='lat' dir='ltr'><strong>una.</strong></span> 
     </span>
    </p>
   </div>
   <div class='ocr_carea' id='block_1_3' title="bbox 0 0 1292 4710">
    <p class='ocr_par' dir='ltr' id='par_1_9' title="bbox 0 0 1292 4710">
     <span class='ocr_line' id='line_1_39' title="bbox 0 0 1292 4710; baseline 0 0"><span class='ocrx_word' id='word_1_297' title='bbox 0 0 1292 4710; x_wconf 95' lang='lat' dir='ltr'><strong> </strong></span> 
     </span>
    </p>
   </div>
  </div>
 </body>
</html>
