2574 4710
153 333 193 396 96
284 325 521 395 LlVTPRANDI
542 334 668 399 Leues
690 337 785 399 ANNI
805 336 860 403 lX.
884 338 966 406 CAP.
988 275 1123 407 23-25:

152 516 327 581 umdederit
342 518 453 583 stabile
468 521 582 582 deueat
594 540 788 602 permanere,
803 523 846 584 ita
858 529 962 587 tamen
978 532 1012 588 ut
1025 524 1084 604 ipsi
1095 533 1229 606 parentes,

153 619 207 699 qui
227 620 307 682 iuter
328 621 465 693 fuerent,
489 630 542 685 aut
567 623 661 687 iudex
686 624 717 684 iu
741 624 860 686 cartola
879 626 949 705 ipsa
973 646 1100 691 manum
1120 640 1229 708 pcuant

151 722 191 785 Et
212 722 238 785 si
260 723 429 803 contegerit
452 743 553 800 casus,
576 731 610 786 ut
630 725 682 786 ille
704 726 834 791 maritus
858 727 1018 804 moriatur,
1039 738 1071 792 et
1093 731 1132 797 ad
1152 731 1230 795 aliun

153 825 368 896 amhnlauerit,
389 827 520 889 stabiles
542 837 728 906 permaneat
748 830 818 909 ipsa
841 829 980 908 uinditin.
1013 830 1122 897 Scriua
1136 841 1231 907 auten,

153 926 207 1005 qui
229 927 346 988 cartola
368 928 437 1007 ipsa
461 929 627 1009 scripserit,
649 952 714 993 nnn
737 933 827 993 aliter
848 940 1011 1011 presumat
1026 933 1170 1010 scriuere,
1188 935 1233 998 uisi

153 1045 223 1092 cum
245 1029 355 1091 notitia
376 1038 541 1110 parentum
562 1033 612 1093 uel
634 1033 752 1106 iudicis,
775 1035 854 1096 sicut
876 1054 971 1114 supra
994 1035 1111 1097 dietum
1133 1042 1194 1110 esa
1212 1045 1235 1098 et

152 1130 179 1193 si
202 1131 291 1193 ahter
312 1132 435 1206 fecerit,
466 1133 505 1195 sit
526 1134 596 1213 ipsa
624 1133 754 1196 uiuditie
782 1153 895 1210 uacua,
924 1144 955 1198 et
980 1137 1120 1216 prelatus
1137 1138 1234 1201 scriua
1279 1202 1281 1209 ,

152 1232 191 1295 sit
212 1233 391 1314 culpauelis,
414 1237 493 1296 sicut
515 1235 567 1315 qui
589 1235 708 1298 cartula
730 1235 812 1325 falsa
834 1237 949 1304 seriuit.

236 1338 286 1400 23.
311 1339 347 1398 V.
391 1337 422 1398 si
446 1338 513 1417 quis
542 1357 669 1400 seruum
699 1346 752 1400 aut
781 1339 924 1401 ancillam
954 1359 1044 1403 suam
1065 1339 1098 1400 in
1120 1339 1237 1402 ecclesia

151 1437 233 1499 circa
264 1438 363 1500 altare
392 1440 507 1501 amede
540 1439 674 1502 liberum
700 1440 749 1501 uel
778 1441 909 1503 liberam
936 1442 1115 1514 demiserit,
1150 1441 1237 1507 sicci

151 1547 279 1601 maneat
298 1540 443 1613 libertas,
473 1541 551 1605 sicut
572 1542 616 1602 illi
638 1543 691 1621 qni
712 1541 835 1605 fnllreal
856 1543 888 1604 in
911 1552 1023 1624 quarta
1045 1563 1158 1606 manus
1180 1552 1237 1605 ha-

151 1641 233 1703 ditus
266 1650 297 1703 et
328 1642 467 1704 hamund
497 1645 596 1706 sactus
625 1652 681 1706 est.
736 1645 815 1706 Nam
845 1645 898 1726 qui
929 1646 1113 1709 haldicuem
1146 1646 1240 1709 facere

151 1743 297 1816 uoluerit,
327 1765 390 1807 non
419 1764 490 1806 eum
513 1747 606 1810 ducat
627 1745 657 1805 in
681 1746 825 1818 ecclesia,
855 1747 913 1810 nisi
940 1748 1001 1810 alio
1031 1749 1129 1811 medo
1156 1747 1241 1809 iaciat

152 1846 283 1926 qualiter
304 1847 455 1920 uoluerit,
478 1847 538 1911 sibi
559 1867 615 1928 per
638 1849 772 1922 cartola,
801 1850 860 1912 sihi
883 1842 1015 1929 qualiter
1037 1850 1067 1912 ei
1087 1850 1242 1931 placuerit.

234 1950 284 2013 24.
308 1948 358 2014 Vl.
402 1950 434 2012 si
461 1952 572 2014 mulier
598 1951 697 2013 libera
728 1970 855 2013 sernum
888 1951 1006 2023 tulerit,
1041 1960 1073 2014 et
1100 1959 1240 2031 parentes

150 2053 217 2112 eius
240 2051 320 2113 intra
344 2054 416 2114 anui
439 2056 576 2132 spatium
597 2054 628 2113 in
652 2072 689 2116 ea
711 2053 848 2114 uindicta
870 2053 947 2114 dare
968 2053 1149 2133 neglexerit,
1171 2053 1242 2117 sicut

147 2154 180 2215 iu
203 2155 359 2216 anteriore
382 2155 483 2217 edicte
507 2154 696 2239 [tacitast]
720 2155 866 2226 contenit,
889 2164 962 2216 tuuc
985 2156 1242 2235 quandocumque

148 2264 223 2336 pust
242 2257 344 2337 ipsum
375 2258 448 2319 anni
477 2258 611 2337 spatium
639 2257 765 2320 iuuenta
793 2256 899 2331 luerit,
930 2257 970 2318 sit
990 2257 1100 2321 ancilla
1125 2257 1241 2339 palatii;

149 2359 274 2440 etipse
304 2379 413 2422 seruus
443 2360 483 2422 ad
513 2359 671 2440 puplicum
698 2358 890 2438 repleretur,
919 2365 950 2419 et
977 2358 1033 2420 filii
1056 2358 1108 2439 qui
1136 2378 1176 2420 ex
1202 2359 1241 2423 eis

147 2462 213 2523 uati
228 2462 359 2534 fuerent,
383 2462 476 2524 curtis
492 2461 596 2541 regiae
612 2461 740 2523 omnine
756 2460 943 2528 deseruiaut.
972 2461 1051 2522 Nam
1066 2460 1241 2542 siparentis

147 2563 245 2644 ipsius
268 2563 414 2636 mulieris,
438 2563 487 2624 uel
510 2563 653 2624 dominus
675 2563 758 2624 serui
780 2563 1003 2642 conpleuereut
1023 2563 1105 2627 intra
1127 2582 1242 2643 supra-

147 2666 296 2745 scriptum
319 2666 390 2726 anui
421 2665 569 2745 spatium,
593 2665 675 2744 quod
707 2663 845 2726 anterior
874 2665 991 2728 edictus
1019 2665 1173 2742 contenit,
1201 2665 1242 2727 sic

146 2775 339 2847 permaneat.

231 2873 282 2934 25.
304 2870 371 2934 Vll.
415 2870 447 2931 si
476 2871 544 2950 quis
575 2889 704 2931 causam
733 2868 897 2941 hahuerit,
931 2877 962 2931 ct
994 2868 1152 2932 sculdahis
1186 2888 1242 2933 sue

148 2990 276 3033 causam
309 2990 398 3033 suam
432 2971 562 3043 dixerit,
597 2971 720 3053 etipse
749 2970 905 3033 sculdahis
934 2971 962 3031 ei
989 2970 1138 3034 iustitiam
1164 2972 1243 3033 intra

146 3081 293 3153 quattuor
316 3075 382 3137 dics
405 3074 509 3137 iacere
530 3072 712 3146 neclexerit,
742 3073 767 3137 si
795 3075 889 3134 ambe
918 3080 1101 3136 causatores
1124 3074 1241 3137 desub

145 3175 216 3256 ipse
246 3175 404 3241 sculdahis
432 3184 527 3250 suut„
548 3184 622 3238 tunc
648 3182 805 3254 cuupeuat
833 3175 876 3246 ei,
912 3174 965 3254 qui
992 3193 1120 3239 causam
1153 3194 1242 3241 suem

141 3277 342 3351 reclamant,
364 3278 432 3358 ipse
454 3277 611 3343 sculdahis
634 3277 753 3341 selides
776 3295 906 3341 numere
928 3295 993 3350 sex,
1016 3285 1047 3339 et
1069 3276 1164 3343 iudici
1185 3297 1241 3341 suo

143 3378 285 3445 similiter
306 3379 423 3443 solidos
446 3399 511 3444 sex.
556 3379 594 3442 Et
615 3379 641 3442 si
662 3379 794 3444 forsitan
816 3377 881 3451 ille,
904 3397 997 3458 super
1020 3398 1115 3459 quem
1132 3379 1242 3443 reela-

144 3483 251 3555 mauit
273 3481 414 3549 infirmus
438 3490 493 3555 est,
516 3490 571 3544 aut
591 3501 649 3562 pre
665 3481 828 3546 utilitatem
842 3499 933 3544 suam
954 3479 985 3542 in
1008 3480 1069 3543 alia
1085 3481 1242 3547 ciuitatem

144 3605 215 3649 esse
236 3585 383 3657 nuscitur,
406 3584 538 3664 expectit
552 3603 623 3647 eum
639 3584 713 3647 dum
727 3583 902 3657 reuertitur,
925 3591 979 3644 aut
1001 3584 1041 3644 de
1062 3582 1241 3651 infirmitate

144 3706 202 3750 sua
225 3687 417 3752 conualiseit.
468 3686 507 3747 Et
528 3686 601 3749 dum
624 3688 786 3766 regressus
808 3683 901 3746 inerit
923 3691 977 3747 aut
998 3684 1036 3747 de
1059 3683 1241 3751 infirmitate

144 3788 355 3860 conualuerit,
378 3788 404 3849 si
425 3787 507 3849 intra
530 3790 663 3851 statutus
687 3793 835 3867 quattuor
860 3785 926 3849 dies
950 3786 1083 3849 menime
1106 3806 1179 3853 eum
1201 3788 1241 3853 ad

141 3889 290 3952 iustitiam
305 3889 482 3951 iaciendum
499 3889 698 3960 distrinxerit,
721 3895 881 3968 conponat
894 3888 962 3968 ipse
976 3888 1146 3963 sculdahis,
1163 3889 1243 3952 sicut

142 3991 339 4061 iamdictam
361 3999 418 4063 est,
441 3990 526 4053 euius
549 4009 645 4054 causa
667 3998 724 4066 est,
746 3989 865 4055 solides
880 4010 1012 4052 numeru
1028 4010 1084 4055 sex
1100 3998 1132 4054 et
1147 3991 1242 4055 indici

141 4112 201 4156 sun
223 4093 363 4158 similiter
383 4092 503 4157 solides
525 4110 591 4157 sex.
639 4091 671 4155 Si
698 4110 774 4155 uere
802 4091 873 4154 talis
901 4110 996 4157 eausa
1021 4093 1130 4168 suerit,
1154 4094 1239 4175 quod

139 4195 208 4275 ipse
230 4195 386 4259 sculdahis
403 4194 577 4258 deliberare
593 4195 726 4257 menime
740 4193 849 4274 pessit,
873 4193 992 4275 diregat
1006 4197 1117 4260 ambas
1132 4203 1239 4277 partes
