2586 4704
315 370 482 435 molctvs
504 372 682 435 ROTHARI
704 373 786 436 CAP.
810 376 985 441 367-372.
1163 382 1204 443 69

142 555 284 622 meruerint.
337 558 368 619 Si
400 556 483 620 filiius
514 558 677 638 legetimuis
708 558 894 631 habuerint,
927 559 1061 623 heredes
1095 581 1203 624 eorum

136 653 251 730 existant,
272 658 349 720 sicut
370 666 401 721 et
423 658 478 720 filii
500 660 781 740 langobardorum
805 661 831 722 si
854 660 933 722 lilius
957 662 1117 742 legetimuls
1140 683 1203 725 non

130 754 285 836 habuerint,
318 781 382 822 non
406 763 445 824 sit
466 761 524 824 illis
546 770 686 841 potestas
710 764 829 842 absque
853 764 1024 825 iussionem
1047 766 1128 845 regis
1152 785 1203 828 res

125 878 185 922 suas
204 862 385 943 cuicumque
407 863 559 944 thingare,
583 872 636 925 aut
656 883 714 945 per
736 865 874 944 quolibet
897 865 982 927 titulo
1005 867 1152 928 alienare.

49 1060 53 1069 .
198 985 269 1049 368.
324 984 371 1044 De
404 983 618 1048 camilonibus.
680 984 787 1046 Nullus
827 985 972 1064 eamplrio
1012 995 1203 1066 praesumat,

49 1074 54 1131 f
111 1087 229 1164 quando
252 1085 293 1146 ad
319 1085 488 1165 pugnando
519 1093 628 1146 contra
658 1085 752 1146 alium
781 1086 882 1160 uadit,
913 1087 1029 1148 herbas
1052 1088 1137 1166 quod
1161 1089 1201 1148 ad

106 1186 274 1249 maleficias
296 1189 445 1267 pertenit,
475 1205 568 1267 super
590 1205 624 1248 se
645 1187 779 1263 habere,
808 1207 865 1248 uec
885 1188 962 1249 alias
986 1189 1062 1248 tales
1085 1187 1202 1250 similes

100 1309 166 1361 res,
197 1289 260 1350 nisi
282 1297 400 1351 tantum
428 1308 516 1350 arma
544 1309 613 1360 sua,
644 1309 725 1370 quae
753 1293 906 1350 corruenit.
954 1290 992 1351 Et
1015 1291 1039 1352 si
1064 1291 1201 1369 suspicio

99 1392 200 1463 luerit,
225 1391 312 1471 quod
335 1409 389 1452 eas
412 1391 530 1452 occulte
552 1391 676 1465 habeat,
698 1391 872 1472 inquiratur
894 1392 934 1452 ad
957 1392 1098 1464 iudicem,
1122 1392 1201 1455 etsi

96 1495 225 1561 ¹inuenta
252 1513 349 1573 super
375 1511 446 1553 eum
468 1493 574 1565 tuerit,
605 1493 776 1554 euellantun·
803 1503 833 1555 et
860 1495 1021 1555 iactentur.
1069 1494 1108 1555 Et
1129 1503 1201 1574 post

104 1596 195 1656 istam
219 1594 456 1674 inquisitionem
487 1594 594 1655 tendat
622 1614 747 1656 manuni
775 1595 842 1674 ipse
873 1594 986 1657 camlio
1015 1598 1044 1656 in
1074 1616 1200 1658 manum

102 1704 244 1775 parentes
262 1704 317 1756 aut
331 1695 492 1756 conliberti
514 1696 569 1770 sui,
593 1705 664 1757 ante
679 1696 779 1757 iudice
795 1697 988 1759 satisfaciens
1006 1698 1097 1778 dicat,
1114 1699 1198 1778 quod

99 1798 216 1858 nullam
249 1797 345 1865 talem
378 1817 444 1857 rem
474 1798 559 1877 quud
589 1797 629 1858 ad
657 1798 826 1860 maleficias
855 1800 1002 1878 pertenit,
1036 1819 1130 1880 super
1165 1820 1199 1862 se

95 1900 230 1975 habeat3
254 1907 327 1959 tunc
348 1901 443 1960 uadat
465 1900 504 1959 ad
527 1907 693 1960 certamen.

180 2021 257 2084 3oo.
301 2019 348 2078 De
370 2038 480 2081 causas
503 2020 633 2100 regales.
684 2019 792 2080 Omnis
822 2039 898 2080 uero
925 2020 1046 2099 regales
1076 2040 1197 2096 caumas,

97 2140 178 2200 quae
202 2121 244 2182 ad
268 2140 393 2183 manuni
416 2120 496 2200 regis
518 2128 710 2200 pertensium,
723 2123 814 2205 vuuerde
830 2123 1002 2202 conpositio
1019 2131 1199 2202 expectatur

97 2231 149 2284 aut
171 2223 266 2302 culpa
289 2225 443 2303 queritur,
467 2223 635 2303 dupliceter
657 2224 825 2284 seeundum
854 2223 1013 2303 antiquam
1036 2225 1198 2286 consuitu-

98 2325 203 2385 dinem
225 2333 458 2404 conpunautur3
481 2334 610 2405 excepto
634 2325 792 2385 mundium
816 2325 991 2387 deliberas
1015 2335 1068 2386 aut
1083 2327 1196 2388 murdh

96 2436 150 2491 ¹aut
172 2427 252 2488 alias
276 2446 336 2506 que
358 2427 471 2489 similes
494 2434 573 2502 sunt,
595 2427 677 2487 unde
698 2426 876 2506 noningenti
899 2426 989 2488 solidi
1013 2428 1196 2503 iudicantur,

103 2549 177 2608 quas
208 2529 239 2588 in
270 2548 359 2590 suurn
385 2528 523 2608 uigorem
556 2528 769 2591 constituimus
800 2547 993 2608 praemonere.
1048 2530 1195 2610 Reliquas

103 2631 210 2703 omnis,
232 2639 266 2691 ut
286 2630 506 2710 praediximus,
529 2629 559 2690 in
583 2630 710 2710 duplum
734 2639 913 2712 erogantur.

181 2753 254 2815 370.
299 2750 330 2810 Si
353 2769 462 2812 seruus
484 2749 566 2830 regis
590 2750 704 2810 rnorelh
725 2751 840 2823 feeerit,
868 2752 910 2811 ita
934 2751 1138 2828 deceruimus,
1162 2761 1196 2814 ut

104 2860 292 2932 conponatur
313 2853 382 2932 ipsa
403 2870 549 2931 persona,
572 2853 650 2912 sicut
672 2852 884 2932 adpraetiatus
906 2853 1008 2924 luerit,
1031 2860 1061 2914 et
1084 2873 1193 2916 seruus

103 2954 163 3031 ipse
187 2973 283 3034 super
302 2953 389 3016 fossa
417 2955 514 3033 ipsius
538 2953 652 3014 mortui
681 2954 890 3034 adpendatur,
918 2955 1096 3016 utineam
1121 2958 1193 3016 uin-

104 3055 176 3118 dicta
199 3057 298 3129 detur,
322 3063 352 3116 et
373 3055 413 3117 sit
427 3075 527 3118 ,eausa
549 3055 659 3135 supita.

49 3158 64 3263 i·
156 3176 260 3242 371,
295 3177 342 3236 De
364 3176 668 3246 aliasuequcausas
691 3175 771 3234 unde
792 3174 880 3234 liberi
904 3182 934 3234 et
956 3175 1037 3235 serui
1061 3175 1192 3236 aliorum

49 3276 257 3343 thominum
295 3280 500 3358 nuningerrtos
535 3276 653 3366 solidos
690 3273 769 3335 fiunt
801 3274 986 3369 culpabiles,
1016 3275 1047 3334 id
1077 3284 1124 3336 est
1153 3277 1193 3338 de

49 3414 54 3475 ι
101 3383 224 3442 muliere
245 3381 358 3455 libera,
382 3383 407 3441 si
429 3379 512 3440 uiam
537 3360 730 3439 antesteterit
752 3384 805 3437 aut
828 3376 968 3437 iniuriam
992 3376 1111 3449 iecerit,
1136 3396 1192 3438 seu

49 3483 134 3544 de
155 3501 267 3563 greges
298 3500 449 3562 equarum
479 3488 532 3542 aut
558 3497 724 3560 porcorum
755 3478 951 3558 pigneratus,
985 3478 1033 3537 ael
1054 3479 1191 3558 reliquas

49 3604 176 3665 -quae
206 3584 323 3646 similes
350 3591 436 3656 sunt,
468 3583 550 3644 unde
580 3589 611 3641 et
636 3580 747 3660 prsseiat'
739 3601 747 3640 ι
776 3600 899 3652 sumus,
928 3582 1075 3658 nongenti
1100 3580 1191 3642 solidi

49 3695 275 3795 queruntur,
291 3688 330 3746 de
346 3705 424 3765 quas
440 3704 534 3764 supra
551 3704 582 3744 ιιι
598 3683 659 3744 hoc
675 3681 834 3743 eductum
824 3703 905 3766 paup.
928 3686 957 3746 5.
980 3683 1010 3746 8.
1035 3683 1109 3747 13..
1124 3685 1189 3748 ,51

49 3748 144 3857 118.
170 3792 219 3855 i9.
242 3791 293 3852 26
326 3789 394 3852 186.
425 3788 492 3851 187.
524 3788 592 3851 i9l
620 3787 690 3849 249.
720 3783 792 3868 279]
822 3783 1050 3847 constituimus:
1081 3805 1190 3847 seruus

49 3320 55 3403 1

49 3876 174 3971 regii-s
205 3891 231 3952 si
258 3889 380 3960 iecerit,
411 3889 513 3950 anime
542 3906 598 3949 sue
626 3886 762 3947 incurrat
790 3885 959 3965 periculum
987 3894 1017 3947 et
1042 3885 1191 3966 nongenti

50 4030 54 4059 ι
97 3991 184 4053 solidi
206 4011 269 4053 non
292 3993 468 4070 requiratur
489 3990 528 4051 ad
551 3999 669 4050 curtem
690 3987 782 4068 regis.
804 4063 809 4071 ι

49 4076 62 4177 1·
176 4096 249 4159 372.
293 4093 324 4154 Si
347 4111 455 4155 seruus
478 4091 559 4172 regis
580 4091 695 4152 furtum
717 4088 838 4161 feeerit,
860 4088 972 4149 reddat
992 4088 1023 4148 in
1045 4087 1189 4168 actogild,

49 4190 58 4279 ξ
94 4203 123 4257 ot
142 4215 208 4258 non
229 4195 269 4256 sit
289 4192 426 4275 figangit.
