2574 4710
103 327 162 390 156
372 326 538 391 Entcrvs
559 329 927 396 LANGOBARDORVM.

99 514 194 574 ritur:
224 512 250 574 si
279 511 373 573 fuerit
394 514 474 573 inter
495 512 630 576 hominis
652 512 752 587 liberi,
783 533 916 594 qnorum
938 513 1018 576 tides
1042 516 1184 592 amittitur,

99 634 163 676 non
176 600 179 607 ’
193 614 310 676 habeat
336 614 457 677 licentia
486 615 607 688 iurare,
637 617 722 696 qnod
745 619 777 677 in
798 616 854 678 tali
875 616 976 677 tinore
996 616 1111 678 uuadia
1130 638 1181 680 non

100 716 243 791 dedissit;
271 716 330 778 nisi
358 716 489 799 qualiter
511 717 604 778 iudex
627 718 678 797 qui
699 717 847 779 iudicauit
868 737 902 781 se
923 720 1175 793 rememoraueril,

99 818 150 880 uel
165 818 308 880 homines
325 818 376 899 qui
398 819 601 880 interfuerunt
623 820 749 899 quando
765 819 833 899 ipsa
854 821 969 882 uuadia
986 821 1079 893 dedit,
1100 822 1176 884 testi-

99 921 271 995 ficauerint,
292 922 323 982 in
345 921 399 983 tali
422 920 575 1000 conpleat,
598 921 672 982 etin
696 941 805 982 eorum
829 923 1041 984 testimonium
1056 924 1176 990 credant

100 1024 180 1099 Quia
196 1025 222 1087 si
237 1023 379 1096 stantia1,
403 1042 496 1103 quam
512 1030 584 1084 aute
598 1023 713 1084 liberos
728 1023 864 1086 hominis
880 1024 992 1104 aliquis
1007 1024 1089 1096 iacit,
1111 1033 1179 1086 stare

100 1128 196 1189 debit:
224 1135 340 1208 quanto
368 1124 466 1204 magis
488 1143 526 1185 ea
549 1144 658 1197 causa,
688 1144 748 1205 que
769 1145 827 1205 per
848 1126 962 1188 uuadia
983 1125 1134 1198 firmatur,
1155 1136 1181 1188 et

98 1230 234 1292 hominis
263 1229 352 1291 liberi
380 1228 545 1299 intersunt,
574 1246 690 1307 negare
716 1227 938 1290 nihilhominus
966 1228 1118 1294 conuenit.
1153 1228 1177 1289 Si

99 1352 175 1395 uero
197 1333 275 1394 tales
297 1330 432 1393 hominis
454 1330 534 1391 inter
555 1348 618 1390 non
640 1329 762 1401 fuerint,
787 1348 920 1408 quorum
941 1330 1091 1392 amittitur
1103 1329 1176 1402 fides,

100 1435 225 1516 quando
240 1435 308 1514 ipsa
323 1432 437 1494 uuadia
453 1433 526 1494 data
540 1432 640 1506 fuerit,
662 1439 735 1493 tunc
749 1431 861 1492 exinde
875 1433 1028 1511 procedat
1040 1431 1177 1504 iudicium,

99 1538 176 1600 sicut
198 1537 237 1597 ad
260 1535 361 1616 ipsum
384 1535 553 1596 rotharene
574 1553 681 1616 regem
704 1543 751 1596 est
772 1534 974 1598 institutum2.

183 1659 212 1721 6.
245 1655 282 1720 ll.
304 1654 539 1717 Reminiscimns
562 1654 653 1728 enim,
676 1655 748 1735 quia
771 1653 908 1716 anterior
928 1653 1067 1716 edictus³
1083 1661 1178 1714 conte·
1204 1664 1207 1669 ’

98 1778 173 1818 nere
196 1757 385 1838 dignoscitur
408 1758 446 1816 de
468 1756 571 1819 liberis
594 1757 726 1829 feminis,
751 1755 803 1836 qui
825 1755 924 1818 seruis
947 1756 1135 1835 copulantur,
1151 1764 1177 1817 ut

99 1861 287 1941 quandoque
308 1859 423 1920 inuenti
440 1867 553 1930 essent,
575 1859 606 1919 in
629 1858 758 1920 seruitio
780 1859 1011 1921 reducerentur.
1044 1857 1104 1917 Sed
1119 1857 1170 1937 qnia

97 1961 312 2043 grimouuald⁴
340 1979 395 2020 rex
424 1959 552 2021 instituit
581 1961 619 2019 de
641 1960 690 2022 his
721 1959 772 2040 qui
799 1979 857 2039 per
884 1960 1008 2040 triginta
1036 1978 1131 2020 annos
1149 1959 1172 2018 in

95 2063 270 2124 libertatem
293 2063 446 2134 uiuerent,
477 2062 561 2124 utin
584 2061 710 2124 seruitio
733 2081 796 2122 non
819 2062 1060 2142 replicarentur,
1088 2068 1175 2122 tamen

98 2166 171 2246 quia
193 2174 295 2226 curtes
317 2165 403 2245 regia
424 2164 584 2244 possessio
608 2183 669 2225 non
697 2163 833 2242 inpedit,
860 2164 919 2226 nisi
945 2183 1002 2244 per
1032 2163 1177 2242 sexaginta

98 2286 251 2329 annorum
279 2267 444 2338 curricula,
478 2267 556 2328 sicut
591 2266 723 2326 domnus
756 2264 914 2345 liutprand
943 2275 1020 2325 rex⁵
1050 2263 1176 2334 instituit

96 2370 168 2430 ideo
191 2368 402 2430 definiuimus:
426 2368 452 2431 si
476 2388 555 2448 quae
576 2368 711 2428 feminae
727 2368 895 2428 admodum
910 2368 1056 2429 inuentae
1069 2367 1179 2436 luerint,

97 2491 156 2552 que
180 2471 239 2533 sibi
262 2471 344 2533 serui
366 2470 590 2550 copulauerunt
611 2478 642 2531 et
663 2489 720 2549 per
742 2469 902 2549 sexaginta
925 2470 1070 2532 annosin
1092 2469 1176 2530 liber-

96 2581 191 2635 tatem
212 2580 459 2652 permanserunt,
484 2572 572 2651 ipsae
595 2582 648 2632 aut
668 2571 723 2632 filii
746 2573 795 2632 uel
817 2570 900 2633 filiae
923 2591 1042 2644 earum,
1065 2580 1117 2633 aut
1136 2570 1176 2650 qui

96 2676 135 2735 de
156 2674 232 2755 ipsis
255 2674 408 2755 procreati
430 2673 545 2734 inuenti
566 2673 687 2759 fuerint,
710 2674 811 2737 nullus
827 2693 882 2736 eos
896 2673 928 2734 in
943 2671 1175 2752 seruitio'repli-

96 2796 168 2838 care
193 2783 388 2856 praesumat,
420 2776 476 2837 sed
498 2775 529 2835 in
555 2775 729 2836 libertatem
751 2797 840 2839 suam
866 2783 1086 2857 permaneant,
1112 2773 1192 2851 sicot¹

95 2897 151 2958 per
179 2877 340 2958 sexaginta
368 2895 465 2937 annos
493 2864 741 2955 permanserunt.
786 2879 816 2939 Si
843 2887 945 2940 autem
973 2878 1090 2940 amodo
1111 2893 1174 2956 pre·

96 2980 264 3060 sumpserit
286 2979 505 3057 cuiuscumque
528 2997 638 3040 seruus
662 2980 824 3041 arimanna
846 2982 960 3041 ducere
983 2999 1121 3052 uxorem,
1140 2975 1173 3040 sic

96 3082 207 3143 exinde
230 3083 320 3142 detur
341 3079 496 3151 iudicium,
527 3079 604 3141 sicut
627 3082 765 3142 anterior
787 3081 909 3162 pagina
923 3060 1063 3144 edictus⁶
1086 3079 1173 3143 conti-

94 3193 194 3246 uetur.

179 3308 208 3368 7.
241 3301 291 3362 ΠΙ.
315 3301 346 3363 Si
370 3301 571 3382 quiscumque
597 3303 807 3383 langobardus
832 3304 1058 3384 qualecumque
1080 3303 1170 3364 homi-

93 3424 165 3466 nem
188 3423 312 3467 seruum
335 3410 388 3465 aut
405 3392 587 3465 lraldionem
611 3426 699 3467 suum
722 3407 826 3467 facere
847 3406 988 3477 uoluerit,
1010 3413 1042 3466 et
1061 3407 1125 3486 ipse
1139 3402 1168 3464 ad

92 3506 210 3587 palatio
233 3505 353 3566 uenerit
373 3505 645 3584 proclamandum,
676 3516 707 3569 et
733 3508 901 3570 iussionem
924 3507 1006 3588 regis
1029 3513 1168 3586 acceptam

94 3609 122 3669 ei
145 3607 370 3688 deportaucrit,
400 3614 434 3668 ut
461 3616 513 3669 aut
538 3609 605 3688 ipse
630 3609 749 3682 indicit,
780 3617 832 3671 aut
853 3609 959 3671 ueniat
978 3609 1010 3669 in
1031 3604 1168 3689 presentia

92 3711 174 3791 regis
197 3710 247 3770 uel
268 3711 308 3770 de
329 3709 445 3772 iudices
467 3729 537 3771 cum
563 3710 633 3790 ipso
660 3711 806 3772 iudicium
833 3711 1029 3783 habendum,
1062 3717 1092 3771 et
1115 3709 1168 3788 ipse

91 3812 276 3892 neglexerit,
310 3818 341 3873 et
366 3812 473 3873 furore
502 3822 629 3892 accepto
657 3814 683 3874 si
712 3833 783 3874 enm
812 3813 992 3885 battederit,
1021 3819 1073 3874 aut
1099 3804 1166 3892 quod

93 3913 173 3975 absit
187 3913 342 3990 occiderit,
359 3913 436 3975 sicut
450 3933 531 3974 nunc
545 3913 658 3976 factum
676 3935 714 3975 ex
728 3914 862 3995 peccatis
879 3934 949 3977 esse
965 3912 1165 3995 cognouimus:

92 4099 113 4168 1)
133 4100 182 4169 cfr.
201 4100 301 4167 liotpr.
326 4098 366 4152 i5.
451 4099 472 4169 ²)
492 4100 565 4156 Rollt.
587 4100 650 4154 366.
734 4101 755 4172 ³)
776 4101 874 4170 Littlpr.
894 4100 939 4154 24.
1013 4099 1036 4170 ⁴)
1057 4090 1165 4152 Grim·2·

91 4192 112 4262 ⁵)
133 4191 232 4261 Lr'utpr.
252 4191 297 4245 78.
373 4182 487 4263 onom.
505 4192 570 4245 22¹.
