2574 4710
378 360 530 422 SlCARDi
553 361 704 435 PACTIO,
729 383 755 426 a.
779 365 852 429 836.
1105 369 1163 432 193

67 543 277 623 neapolitano,
293 543 381 606 salua
397 545 619 622 consuetudine
633 552 751 616 nostra,
766 545 855 608 inlesi
871 547 1005 610 debeant
1020 551 1161 615 transire.

66 646 183 706 Bareas
216 645 315 718 enim,
348 665 429 726 quae
461 647 577 707 ibidem
607 648 646 708 ad
679 647 760 709 hora
793 633 990 710 canseuerint
1021 650 1072 711 uel
1103 670 1161 731 pro

66 754 252 827 tempestate
267 748 482 821 subduxerint,
507 756 560 810 aut
575 748 799 828 applicauerint
812 768 869 827 per
883 755 948 810 tota
963 750 1031 829 ipsa
1046 751 1161 833 plagia,

66 847 117 908 uel
138 848 326 928 ubicumque
341 849 372 909 in
390 848 454 910 fine
474 849 663 930 principatus
686 851 785 912 nostri
807 850 957 921 uenerint,
980 870 1109 914 securae
1132 862 1163 915 et

65 949 173 1033 inlese,
196 951 276 1012 sicut
297 951 438 1032 superius
459 950 578 1032 legitur,
602 953 737 1012 debeant
758 971 845 1025 esse;
873 952 898 1013 si
921 960 1023 1013 autem
1047 962 1076 1014 et
1097 974 1162 1015 uo-

66 1050 177 1112 luerint
212 1044 372 1132 negotiare
407 1054 536 1126 ibidem,
577 1053 760 1132 persoluant
796 1054 964 1114 secundum
1002 1055 1161 1134 antiquam

66 1154 331 1219 consuetudinem.
375 1157 506 1217 Tantum
528 1164 562 1216 ut
584 1156 609 1217 si
631 1162 759 1235 peccato
781 1155 928 1227 faciente,
959 1157 1047 1217 nauis
1069 1164 1161 1235 rupta

65 1252 170 1328 fuerit,
193 1274 244 1316 res
267 1258 398 1336 quaein
423 1277 460 1318 ea
482 1258 627 1318 inuentae
648 1257 775 1327 fuerint,
798 1256 842 1317 eis
864 1257 1047 1330 reddantur,
1076 1258 1160 1320 ouius

65 1355 192 1417 fuerunt
213 1363 244 1416 et
266 1358 351 1420 cuius
374 1366 460 1434 sunt;
482 1359 625 1420 homines
648 1365 752 1419 autem
774 1358 842 1419 sani
858 1366 887 1419 et
907 1358 996 1420 inlesi
1018 1360 1058 1419 ad
1080 1379 1161 1439 pro-

63 1457 132 1536 pria
156 1475 213 1520 sua
235 1466 439 1520 reuertentur.
483 1461 522 1521 Et
541 1460 603 1520 hoc
625 1460 720 1531 stetit,
746 1468 780 1521 ut
802 1460 947 1540 deinceps
969 1479 1027 1539 pro
1051 1461 1159 1541 quauis

64 1559 233 1621 occasione
255 1561 377 1641 nauigia
399 1569 504 1623 uestra
524 1562 554 1621 in
578 1561 717 1640 partibus
740 1562 880 1622 lucaniae
902 1561 952 1621 uel
974 1562 1160 1641 ubicumque

10 1698 12 1704 ·
62 1659 231 1723 infinibus
254 1662 368 1724 nostris
391 1683 454 1725 non
478 1664 683 1724 detineantur.

152 1765 199 1828 14.
245 1764 315 1845 †De
336 1766 546 1826 tertiatoribus
568 1783 645 1825 uero
667 1764 729 1825 boc
751 1765 843 1834 stetit,
865 1774 898 1825 ut
914 1765 997 1825 nulla
1016 1784 1099 1825 noua
1115 1764 1158 1827 eis

64 1884 82 1926 a
98 1873 188 1943 parte
203 1866 249 1925 rei
268 1867 409 1946 publicae
428 1868 614 1946 imponatur,
638 1873 768 1944 excepto
784 1866 911 1944 antiqua
927 1867 1158 1940 consuetudine,

62 1966 126 2027 hoc
149 1967 218 2051 [est]
241 1969 488 2047 responsaticum
512 1967 621 2041 solum,
645 1975 675 2027 et
697 1967 820 2046 angaris
837 1974 867 2028 et
888 1967 1045 2040 calcarias,
1068 1967 1160 2027 simul

63 2069 157 2128 etad
187 2069 330 2130 dominas
358 2090 430 2132 suas
460 2069 606 2150 angarias
630 2075 660 2128 et
686 2068 852 2146 pensiones
882 2069 1051 2129 secundum
1075 2068 1158 2128 anti-

63 2189 158 2250 quam
182 2171 444 2244 consuetudinem,
472 2189 613 2231 necnon
637 2178 667 2231 et
689 2170 831 2229 exenium
854 2170 893 2230 ad
915 2170 1034 2244 ducem,
1063 2190 1158 2230 unum

63 2272 160 2333 semel
189 2271 219 2331 in
249 2265 379 2346 annum,
411 2274 495 2353 quod
522 2272 579 2338 fuit
604 2271 706 2351 prisca
733 2272 942 2345 consuetudo;
970 2290 1042 2332 nam
1073 2271 1157 2333 nulla

62 2374 124 2433 alia
155 2393 239 2435 noua
266 2375 445 2454 imponatur
475 2393 493 2434 a
520 2381 609 2453 parte
636 2373 682 2432 rei
713 2373 854 2452 publicae
884 2373 924 2433 ad
953 2393 1007 2434 eos
1039 2373 1092 2452 qui
1122 2392 1156 2434 se

61 2474 211 2549 diuidunt‚
233 2475 292 2536 nisi
314 2477 529 2537 tautummodo
552 2475 799 2554 responsaticum
822 2480 852 2533 et
873 2475 1016 2554 angarias
1040 2493 1156 2553 super-

62 2575 210 2656 scriptas;
244 2585 274 2638 ct
304 2578 330 2639 si
363 2579 430 2658 quis
457 2578 519 2639 hoc
546 2577 789 2657 praesumpserit
817 2577 920 2636 facere
949 2576 994 2635 rei
1023 2575 1154 2655 puplice,

61 2685 95 2738 ut
117 2679 156 2738 ad
179 2666 358 2741 tereiatores
382 2679 514 2760 amplius
537 2680 723 2758 imponatur,
750 2677 809 2739 nisi
833 2677 1043 2756 superscripta
1066 2678 1155 2757 capi-

60 2779 138 2851 tula,
169 2799 242 2840 nam
268 2780 343 2840 nulli
371 2781 421 2841 alii
450 2781 587 2856 homini;
619 2780 695 2841 etsi
719 2780 786 2860 quis
812 2781 939 2859 insuper
960 2778 1022 2841 hoc
1051 2781 1155 2840 facere

59 2883 315 2961 praesumpserit,
338 2892 508 2962 componat
528 2884 646 2945 solidos
670 2884 719 2955 24,
743 2890 773 2943 et
796 2883 880 2961 quod
903 2882 978 2952 tulit,
1002 2882 1122 2944 reddat.

147 2987 195 3050 15.
240 2984 340 3066 iltem
368 2985 465 3057 stetit,
493 2993 526 3046 ut
554 3005 616 3046 non
645 2985 761 3044 babeat
782 2984 936 3045 licentiam
959 2984 1111 3063 quispiam
1136 3004 1154 3044 a

59 3087 200 3166 partibus
222 3086 297 3147 foris
321 3087 475 3148 ciuitatem
498 3087 650 3146 canalium
666 3093 719 3146 aut
741 3087 857 3145 bouem
880 3104 1073 3164 comparare,
1095 3086 1154 3147 nisi

58 3187 140 3250 infra
163 3187 318 3249 ciuitatem
345 3189 394 3249 uel
416 3189 446 3248 in
474 3193 610 3248 mercato
640 3186 802 3266 presencia
824 3188 862 3245 de
889 3187 1038 3248 indicibus
1062 3195 1092 3247 et
1114 3189 1152 3247 ab

59 3290 103 3352 eis
137 3291 206 3371 ipse
240 3292 384 3351 uenditor
415 3297 635 3369 cognoscatur3
667 3296 697 3350 et
726 3289 751 3350 si
784 3288 927 3349 uenditor
956 3309 974 3350 a
1003 3289 1153 3350 iudicibus

59 3393 200 3473 cognitus
223 3413 286 3454 non
315 3393 421 3464 fuerit,
449 3398 482 3451 ut
509 3390 683 3451 nuliatenus
705 3390 821 3451 habeat
842 3390 997 3451 licentiam
1020 3411 1153 3470 compa-

58 3494 165 3568 randi;
190 3494 216 3555 si
239 3501 342 3554 autern
358 3500 388 3554 et
410 3494 604 3573 comparauit
617 3494 694 3554 foris
718 3493 881 3565 ciuitatem,
904 3493 953 3553 uel
967 3493 997 3552 in
1015 3502 1152 3553 mercato

59 3596 165 3657 autin
189 3595 312 3656 ciuitate
334 3595 426 3657 simul
440 3597 470 3656 in
494 3596 672 3676 praesentia
695 3595 733 3655 de
754 3593 915 3665 iudicibus,
939 3593 1017 3653 sicut
1039 3592 1153 3654 dictum

58 3706 119 3771 est,
151 3705 181 3757 et
208 3697 352 3757 uenditor
373 3717 436 3758 non
457 3698 549 3758 fuerit
570 3697 726 3778 cognitus,
756 3697 796 3758 sit
816 3695 883 3775 ipse
906 3701 1006 3755 emtor
1027 3694 1092 3765 fur,
1123 3700 1154 3755 et

57 3800 171 3860 reddat
193 3799 346 3860 cauailum
370 3807 421 3860 aut
444 3802 571 3876 bouem;
600 3800 625 3860 si
647 3799 728 3859 enirn
749 3797 827 3858 liber
848 3796 947 3869 fuerit,
976 3797 1153 3880 abscidatur

57 3901 250 3973 cimanum,
274 3909 327 3962 aut
349 3909 431 3961 certe
453 3902 479 3963 si
502 3901 648 3972 uoluerit,
677 3901 729 3960 det
750 3899 882 3979 pretium
906 3900 944 3957 de
966 3898 1036 3977 ipsa
1059 3917 1152 3958 manu

57 4002 177 4063 solidos
201 4003 439 4083 quinquaginta3
463 4003 501 4063 de
524 4023 615 4065 seruo
638 4022 713 4062 uero
738 4008 770 4061 ut
790 4000 858 4079 ipsa
880 4020 1017 4079 persona
1040 4001 1152 4060 trada-

56 4112 119 4177 tur,
149 4112 202 4164 aut
224 4105 250 4166 si
272 4105 405 4166 uoluerit
425 4106 494 4183 ipse
516 4105 658 4166 dominus
681 4103 759 4175 eius,
787 4104 839 4163 det
860 4103 998 4183 precium
1021 4103 1060 4162 de
1081 4102 1151 4181 ipso

56 4225 150 4267 seruo
174 4207 291 4268 solidos
314 4207 420 4287 uiginti
444 4214 587 4286 quatuor.
632 4204 663 4267 si
686 4210 788 4294 autem
811 4205 955 4264 uenditor
982 4203 1152 4284 negauerit,
1176 4288 1178 4290 q

882 4306 920 4370 13
