2574 4710
276 366 441 459 nnrcrvs
464 397 642 460 nonnam
664 397 747 464 cnr.
772 399 947 464 169-174.
1122 402 1162 465 35

64 581 183 642 ditandi
206 579 307 643 filium
328 581 387 644 has
411 600 481 644 esse
497 582 643 646 dicimus:
667 582 692 644 si
714 581 797 644 filius
820 591 928 643 contra
950 583 1088 643 animam
1111 591 1165 644 aut

67 666 251 764 sanguinem
280 685 378 764 patris
415 684 578 746 insidiatus
613 692 667 745 aut
696 685 876 746 consiliator
908 685 1020 756 luerit,
1054 690 1108 745 aut
1135 685 1164 746 si

27 856 30 861 ¹
66 792 186 865 patrem
208 789 399 865 percusserit
420 785 628 859 uolontariae,
652 794 706 848 aut
727 787 753 849 si
777 806 847 847 curn
869 785 1014 847 matrinia
1035 805 1108 858 sua,
1131 785 1163 847 id

68 895 110 949 cst
130 889 282 960 noberca,
303 889 489 966 peccauerit,
511 889 592 950 iuste
614 907 632 948 3
654 895 743 968 patre
766 888 1006 954 exhereditetur.

149 991 222 1054 170.
265 987 342 1050 Item
365 991 444 1052 sicut
471 1008 529 1049 nee
557 991 697 1069 patribus
725 990 840 1051 licitum
869 998 917 1053 est
944 989 1044 1051 filium
1071 1008 1163 1051 suum

68 1091 129 1152 sine
150 1090 237 1152 iusta
259 1110 354 1153 causa
377 1099 430 1151 aut
453 1091 543 1170 culpa
566 1090 792 1165 exhereditare,
816 1094 859 1153 ita
881 1111 938 1152 nec
959 1091 1041 1153 filius
1065 1091 1164 1152 leceat

67 1193 136 1254 uiuo
159 1199 251 1272 patre
278 1195 462 1272 cuicumque
488 1213 538 1255 res
569 1213 642 1254 suas
664 1193 808 1273 thingare
837 1200 891 1254 331
912 1213 968 1273 per
997 1193 1165 1272 qnodlebet

66 1293 184 1354 titulum
201 1293 348 1367 alienare,
370 1296 429 1357 nisi
452 1296 533 1356 forte
555 1293 637 1360 filios
662 1302 715 1356 ant
729 1294 809 1357 filias
825 1295 988 1374 legitimas,
1012 1302 1065 1356 aut
1079 1293 1161 1356 filius

66 1395 214 1458 naturalis
237 1396 406 1476 reliquerit,
429 1404 462 1458 ut
483 1397 558 1477 ipsis
576 1398 746 1459 secundum
767 1396 868 1477 legem
883 1417 973 1458 suam
989 1405 1163 1462 conseruet.

149 1499 220 1563 171.
265 1497 297 1559 Si
326 1485 394 1578 quis
425 1518 459 1561 se
489 1500 696 1578 disperanerit
730 1506 783 1559 aut
810 1506 940 1578 propter
972 1504 1163 1560 senectutem

10 1670 12 1675 Ι
68 1606 121 1659 331
139 1606 269 1679 propter
290 1599 429 1679 aliquam
450 1600 663 1662 infirmitatem
685 1601 842 1680 eorporis,
874 1599 955 1662 filins
979 1620 1041 1661 non
1064 1602 1164 1680 possit

10 1720 12 1727 ·
63 1699 191 1773 hahere,
213 1707 244 1762 et
266 1720 317 1763 res
339 1721 413 1764 suas
437 1703 488 1763 alii
505 1703 701 1783 tlningauerit,
717 1709 891 1781 posteaque
907 1721 979 1762 eum
995 1702 1165 1782 contegerit

62 1800 143 1863 lilius
166 1801 322 1882 legitimus
339 1823 521 1882 procreare:
545 1823 637 1865 omne
652 1804 741 1864 thinx
757 1805 841 1884 quod
858 1811 904 1866 est
920 1804 1057 1876 donatio,
1078 1804 1162 1883 quod

61 1903 148 1983 prius
171 1903 300 1976 lecerat,
322 1914 494 1984 rumpatur,
518 1914 548 1967 et
569 1904 623 1966 filii
647 1905 774 1984 legitimi
797 1927 877 1967 uuus
901 1913 955 1966 aut
976 1906 1092 1984 plures,
1110 1908 1163 1986 qui

60 2012 173 2084 postea
194 2007 259 2067 nati
282 2005 406 2080 fuerint,
427 2006 560 2069 heredes
584 2009 616 2068 in
638 2010 782 2069 omnihus
805 2009 886 2086 patri
909 2008 1085 2072 succedant.
1131 2007 1163 2068 Si

61 2113 168 2168 autem
196 2104 279 2168 filias
307 2107 461 2188 legitimas
491 2128 553 2170 una
576 2116 630 2169 aut
650 2109 772 2188 plures,
807 2127 863 2169 seu
891 2106 973 2169 filios
1002 2108 1161 2170 naturales

58 2228 159 2269 unum
182 2216 237 2270 aut
255 2209 363 2289 plures
386 2219 459 2289 post
479 2211 568 2271 thinx
588 2210 704 2270 iactum
719 2209 873 2281 habuerit,
896 2208 1034 2271 habeant
1056 2219 1086 2270 et
1102 2209 1163 2289 ipsi

57 2308 164 2389 legem
185 2329 293 2383 suam,
322 2313 401 2373 sieut
422 2331 519 2391 supra
541 2313 740 2372 coustitutum
763 2319 824 2383 est,
853 2318 1013 2390 tamquam
1035 2311 1061 2372 si
1084 2310 1164 2371 nihil

61 2409 116 2470 alii
148 2410 321 2492 thingatum
349 2412 470 2478 fuisset.
523 2414 562 2474 Et
586 2413 638 2473 ille
669 2415 716 2474 cui
745 2414 918 2493 thiugatum
948 2421 1011 2485 est,
1042 2419 1162 2474 tantum

56 2511 188 2585 habeat,
210 2519 362 2593 quantum
385 2514 436 2575 alii
459 2523 604 2595 parentes
628 2517 761 2594 proximi
779 2516 953 2575 debuerunt
974 2513 1093 2575 habere
1109 2522 1167 2576 aut

57 2615 156 2676 curtis
178 2616 267 2696 regia
289 2616 458 2694 suscipere,
481 2618 506 2677 si
531 2616 582 2677 alii
606 2617 780 2698 thingatum
802 2638 864 2678 non
887 2617 1007 2680 fuisset.

148 2718 219 2781 172.
263 2716 310 2776 Ile
331 2716 420 2776 thinx
443 2718 527 2796 quod
551 2724 598 2780 est
620 2719 759 2785 donatio.
796 2720 827 2778 Si
851 2717 919 2798 quis
942 2738 992 2779 res
1016 2736 1089 2779 suas
1110 2716 1161 2777 alii

57 2815 206 2897 thingare
227 2817 378 2890 uoluerit,
405 2837 469 2878 non
498 2821 666 2893 absconse,
696 2822 751 2882 sed
781 2827 852 2882 ante
878 2821 994 2881 liberos
1018 2819 1161 2881 homines

57 2920 165 2998 ipsum
194 2919 359 2999 garethinx
388 2919 497 2992 faciat,
529 2922 676 2999 quatinus
707 2928 758 3001 qui
789 2922 910 3001 thingat
937 2929 967 2982 et
1001 2922 1052 3000 qni
1085 2919 1163 3001 gisel

56 3018 163 3090 luerit,
185 3017 275 3079 liberi
298 3021 369 3093 sint,
391 3021 530 3082 utnulla
554 3025 583 3082 in
606 3031 767 3102 posterum
789 3026 908 3085 oriatur
930 3024 1067 3084 intentio.

148 3120 217 3183 173.
263 3119 298 3193 Si
319 3123 387 3201 quis
410 3141 461 3184 res
484 3143 557 3186 suas
575 3124 626 3185 alii
642 3124 838 3205 thingauerit,
863 3132 893 3185 et
907 3125 1020 3185 dixerit
1040 3124 1070 3182 in
1092 3126 1162 3202 ipso

58 3219 150 3279 thinx
171 3219 320 3295 lidinlaib,
343 3223 375 3282 id
398 3232 455 3297 est,
478 3225 562 3304 quod
584 3227 616 3286 in
640 3226 691 3286 die
707 3227 880 3288 obitus-sui
903 3225 1078 3305 reliquerit:
1098 3242 1162 3283 non

59 3321 223 3402 dispergat
248 3340 298 3384 res
329 3325 415 3404 ipsas
443 3334 554 3405 postea
585 3326 696 3388 doloso
727 3331 847 3400 animo,
882 3329 941 3388 nisi
963 3327 1084 3386 fruatur
1107 3343 1160 3385 eas

60 3441 132 3483 cnm
152 3424 285 3485 ratione.
321 3425 409 3488 Etsi
432 3427 508 3488 tales
533 3429 560 3488 ei
585 3428 725 3488 euenerit
738 3430 919 3500 necessitas,
942 3433 976 3486 ut
990 3433 1074 3486 terra
1090 3443 1161 3485 cum

59 3525 217 3604 mancipia
233 3532 287 3586 aut
301 3529 370 3588 sine
385 3529 541 3609 mancipia
555 3530 685 3590 uindere
701 3536 754 3590 aut
768 3529 871 3590 locum
892 3528 1029 3609 pigneris
1044 3545 1162 3607 ponere

61 3624 188 3698 debeat,
223 3625 306 3688 dicat
331 3629 418 3707 prius
445 3631 506 3704 illi,
538 3633 585 3692 cui
614 3631 780 3711 thingauit:
825 3631 923 3703 „Ecce
955 3628 1058 3701 uedis,
1089 3629 1162 3708 quia

62 3729 247 3791 necessitate
276 3731 443 3810 conpulsus
473 3752 523 3795 res
552 3734 628 3794 istas
657 3733 741 3794 uado
765 3733 856 3806 dare;
884 3733 910 3793 si
937 3731 992 3791 tibi
1020 3732 1161 3806 uedetur,

63 3831 193 3891 subueni
217 3830 292 3892 mihi
316 3839 346 3892 et
372 3852 422 3895 res
454 3834 529 3896 istas
560 3854 713 3896 conseruo
740 3837 771 3895 in
793 3841 879 3895 tuam
907 3832 1163 3913 proprietatem.“

50 3928 146 4005 ‘Tunc
168 3932 194 3994 si
218 3933 353 3994 noluerit
368 3936 545 4010 subuenire,
569 3922 653 4016 quod
670 3935 721 3997 alii
737 3936 867 4008 dederit,
890 3935 931 3997 sit
952 3934 993 3995 illi
1017 3933 1162 3996 stabilem

65 4039 94 4092 et
114 4031 249 4107 firmum,
273 4034 325 4114 qui
349 4039 513 4116 acceperit.

132 4136 234 4200 tto..
261 4135 309 4196 De
336 4137 424 4197 thinx
451 4139 572 4218 primns
603 4138 728 4202 factum.
786 4139 856 4199 Non
892 4139 984 4198 leciat
1016 4138 1161 4199 donatori

67 4231 164 4313 ipsum
192 4236 298 4309 thinx,
332 4240 415 4319 quod
444 4248 536 4302 antea
558 4241 643 4313 fecit,
676 4240 787 4300 iterum
816 4241 848 4301 in
878 4239 972 4300 alium
1000 4239 1160 4299 hominem

927 4342 969 4405 3,
