2574 4710
92 368 132 431 24
327 362 492 426 EDICTVS
513 361 690 425 ROTHARl
712 361 802 434 CAP„
815 365 949 430 85-99.

92 550 157 613 risu
179 557 377 630 apparentes,
399 568 457 629 pro
472 567 567 609 unum
583 548 706 609 dentem
722 555 877 628 conponat
892 548 1008 610 solidos
1024 553 1189 628 quattu0r;

91 653 119 714 si
140 651 244 732 plures
266 650 389 724 fuerint,
412 669 468 730 per
489 648 551 710 hoc
572 649 694 712 nomiro
719 657 943 730 conponantur.

177 756 227 819 86.
270 754 317 813 De
345 753 452 814 dentes
480 751 665 814 maxillares.
720 752 752 812 Si
779 752 846 832 quis
874 752 1050 814 maxillares
1080 753 1189 814 dentes

95 855 273 928 excusserit,
294 874 352 934 pro
375 874 436 916 uuo
460 855 620 916 maxillare
643 862 799 934 conponat
820 854 936 917 solidos
957 856 1036 930 du0;
1064 853 1092 917 si
1115 873 1189 916 uero

95 959 200 1038 plures
221 956 343 1030 luerint,
366 976 423 1036 per
444 957 505 1017 hoc
526 952 649 1018 nomiro
672 964 894 1037 conponantur.

179 1062 231 1128 87.
272 1059 319 1119 De
348 1058 507 1120 brachium
534 1066 666 1138 ruptum.
725 1058 755 1120 Si
789 1058 856 1138 quis
887 1058 1026 1119 haldium
1056 1056 1190 1119 alienum

95 1169 152 1224 aut
170 1181 296 1225 seruum
312 1160 543 1222 ministerialem
562 1159 722 1221 brachium
744 1159 869 1239 ruperit,
893 1169 1049 1240 conponat
1071 1159 1189 1222 solidos

95 1284 160 1338 sex,
184 1270 312 1343 excepto
336 1282 449 1343 operas
470 1271 500 1325 et
523 1262 681 1323 mercedes
706 1261 825 1323 medici.

177 1369 226 1431 88.
268 1366 315 1425 De
344 1384 437 1426 manu
466 1364 600 1426 abscisa.
656 1364 686 1424 Si
716 1363 784 1444 quis
811 1363 950 1425 haldium
977 1363 1114 1425 alienum
1141 1371 1191 1426 aut

98 1488 223 1530 seruum
253 1466 486 1528 ministerialem
515 1458 641 1526 manum
664 1467 844 1539 absciderit,
878 1466 1077 1528 medietatem
1098 1466 1190 1546 pretii

99 1571 196 1650 ipsius
219 1575 385 1649 conponat.
1125 1554 1131 1568 '

179 1672 230 1738 89.
273 1671 319 1730 De
349 1669 445 1750 digita
475 1688 594 1733 manus.
649 1663 679 1730 Si
709 1669 777 1750 quis
803 1669 944 1731 haldium
973 1669 1108 1731 alienum
1137 1677 1192 1730 aut

100 1793 224 1837 seruum
252 1770 460 1833 menesteriali
482 1771 625 1851 pollicem
648 1772 687 1832 de
712 1790 805 1833 manu
828 1774 1013 1845 excusserit,
1036 1778 1191 1851 conponat

98 1875 217 1938 solidos
239 1882 319 1947 octo,
343 1881 471 1952 excepto
494 1865 608 1952 operas
631 1880 662 1934 et
682 1874 841 1935 mercedes
865 1875 987 1938 medici.

182 1979 234 2041 99.
278 1975 310 2035 Si
332 1975 502 2037 secundum
525 1975 653 2055 digitum
668 1975 706 2036 de
726 1995 819 2037 manu
835 1976 1014 2049 excusserit,
1037 1982 1191 2056 conponat

100 2079 217 2142 solidos
241 2097 305 2140 sex.
351 2071 353 2074 ’

184 2183 234 2247 91.
279 2179 309 2240 Si
339 2178 462 2240 tertium
489 2178 616 2258 digitum
646 2178 685 2238 de
714 2197 807 2247 manu
839 2178 1008 2241 excusserit
1036 2179 1118 2260 quod
1146 2186 1196 2241 est

100 2284 287 2354 medianum,
310 2288 466 2361 conponat
487 2280 604 2342 solidos
628 2281 699 2344 duo.

184 2387 235 2451 92.
278 2382 310 2443 Si
334 2391 478 2463 quartum
499 2381 627 2462 digitum
649 2383 688 2442 de
710 2402 804 2444 manu
826 2381 1009 2455 excusserit,
1037 2389 1197 2463 conponat

102 2473 219 2548 annuos
242 2486 313 2549 auo.

186 2590 236 2653 93.
282 2586 313 2646 Si
336 2585 474 2665 quintum
502 2585 628 2666 digitum
652 2584 691 2645 de
712 2604 806 2646 mauu
833 2586 1011 2658 excusserit,
1038 2592 1197 2665 conponat

103 2689 219 2751 solidos
243 2693 398 2767 quattuor.

187 2793 236 2854 94.
279 2789 326 2848 De
347 2807 426 2850 coxa
447 2796 548 2869 rupta.
592 2787 623 2848 Si
647 2789 716 2868 quis
737 2787 877 2850 haldium
899 2790 1032 2851 alienum
1047 2797 1102 2850 aut
1123 2809 1197 2851 ser-

103 2912 176 2955 uum
199 2889 392 2952 ministeriali
413 2910 492 2952 coxa
506 2890 625 2970 ruperit
646 2895 698 2950 aut
713 2888 796 2964 tibia,
818 2898 975 2971 conponat
989 2891 1107 2954 solidos
1123 2899 1197 2965 tres,

104 3000 234 3073 excepto
256 3011 369 3072 operas
393 3000 424 3053 et
445 2993 603 3055 mercedes
626 2992 745 3053 medici.

187 3097 238 3160 95.
280 3094 327 3156 De
356 3095 436 3175 pede
463 3096 595 3159 absciso.
649 3092 680 3154 Si
709 3095 777 3174 quis
807 3094 946 3156 haldium
981 3096 1114 3157 alienum
1142 3103 1199 3156 aut

105 3216 230 3260 seruum
266 3195 457 3258 ministeriali
490 3198 602 3277 pedem
632 3199 820 3270 excusserit,
855 3197 1053 3258 medietatem
1084 3198 1197 3277 praetii

106 3301 202 3379 ipsius
226 3306 389 3378 conponat.

187 3404 238 3468 96.
280 3401 326 3460 De
356 3401 452 3489 digita
480 3401 604 3479 pedum.
660 3400 691 3461 Si
720 3402 789 3480 quis
816 3400 955 3462 haldium
983 3401 1118 3461 alienum
1146 3409 1201 3462 aut

106 3522 232 3565 seruum
253 3501 501 3563 menesterialem
523 3503 655 3583 pulicem
679 3503 717 3562 dc
738 3502 819 3582 pede
841 3503 1019 3575 excusserit,
1043 3511 1202 3582 conponat

108 3606 224 3666 solidos
247 3611 401 3685 quattuor,
424 3612 553 3684 excepto
575 3623 689 3684 operas
712 3611 743 3665 et
764 3605 923 3666 mercedes
946 3605 1067 3666 medici.

191 3710 242 3791 97,
286 3707 316 3766 Si
341 3706 409 3785 quis
436 3705 574 3767 haldium
602 3708 737 3768 alienum
766 3713 819 3768 aut
843 3726 968 3768 seruum
997 3706 1200 3768 minesteriali

109 3808 277 3870 secundum
300 3807 427 3886 digitum
448 3808 535 3887 pedis
559 3807 737 3882 excusserit,
760 3817 916 3887 conponat
938 3809 1053 3871 solidos
1076 3809 1150 3874 duo.

192 3912 241 3975 98.
285 3907 317 3968 Si
346 3910 469 3970 tertium
497 3909 624 3990 digitum
654 3911 693 3970 de
725 3911 805 3989 pede
837 3912 1014 3984 excusserit,
1045 3919 1202 3991 conponat

48 3992 49 3996 Ἰ
110 4011 226 4073 solidos
248 4011 320 4074 duo.

193 4116 244 4178 99.
289 4112 320 4172 Si
343 4120 485 4192 quartum
508 4114 637 4194 digitum
660 4115 699 4174 de
720 4115 801 4194 pede
830 4115 1014 4186 excusserit,
1047 4122 1205 4195 conponat

112 4215 243 4278 solidum
267 4231 371 4278 unum.
