2574 4710
312 117 478 180 EDlCTVS
500 115 679 180 ROTHARI
700 117 783 184 CAP.
807 122 983 185 att-275.
1160 124 1201 185 55

92 301 235 375 dederit,
265 308 423 382 conponat
444 301 475 364 in
498 310 615 364 curtem
639 304 736 384 regis,
767 305 849 365 unde
879 323 951 366 eum
972 304 1056 376 tolit,
1080 304 1199 367 solidos

94 402 317 485 quadraginta.

47 490 50 495 ¹
182 509 256 571 272.
299 506 346 566 De
368 505 508 572 ecclesia.
544 506 576 568 Si
590 506 622 567 in
637 507 804 569 ecclesiam
820 516 872 569 aut
893 508 925 568 in
941 508 1069 568 domum
1088 525 1199 570 sacor-

99 608 180 670 dotis
204 608 377 688 mancipias
400 607 619 688 cuiuscumque
642 609 819 690 confugium
840 609 956 680 fecerit,
979 615 1011 669 et
1032 608 1197 688 episcopus

100 719 150 772 aut
172 711 323 774 sacerdos
339 711 392 791 qui
413 710 444 771 in
468 712 539 772 loco
560 719 695 790 praeest,
718 730 790 772 eum
811 711 944 771 reddere
966 711 997 770 in
1013 710 1111 791 gratia
1125 720 1198 790 post

101 812 222 875 tertiam
244 813 502 875 contestationem
524 812 714 884 dilatauerit,
736 811 779 875 ita
802 812 1009 883 decernimus,
1032 820 1066 873 ut
1086 813 1197 873 reddat

99 913 199 995 ipsum
223 915 423 994 mancipium,
451 921 483 976 et
504 914 597 977 alium
626 913 757 976 similem
787 916 826 975 de
848 914 911 977 suis
933 914 1069 994 propriis
1091 916 1195 986 rebus,

99 1023 258 1096 utsupra.
299 1017 337 1078 Et
360 1017 386 1079 si
406 1017 439 1078 in
461 1016 561 1097 gratia
582 1016 721 1077 redditus
742 1016 843 1088 fuerit,
866 1023 897 1078 et
918 1023 1029 1095 postea
1051 1014 1194 1078 dominus

97 1117 127 1178 in
147 1118 252 1198 ipsum
273 1116 439 1180 uindictam
470 1136 528 1196 pro
554 1118 623 1197 ipsa
650 1118 740 1197 culpa
762 1117 896 1191 dederit,
927 1126 980 1180 aut
1010 1137 1044 1180 se
1070 1117 1195 1178 edoniet

98 1228 262 1300 utsupra,
290 1227 343 1282 aut
372 1219 412 1282 sit
440 1218 776 1298 culpabilieecclesiae
807 1219 903 1299 ipsius
932 1219 1051 1282 solidos
1074 1221 1124 1295 40,
1151 1217 1194 1280 ita

99 1330 134 1382 ut
153 1341 207 1402 per
228 1329 368 1384 actorem
390 1321 471 1402 regis
494 1329 677 1400 erogantur,
706 1325 788 1384 etin
811 1340 938 1403 sagrum
961 1321 1118 1393 altarium,
1141 1320 1192 1381 ubi

96 1422 207 1486 iniuria
228 1425 312 1486 lacta
334 1432 390 1496 est,
413 1429 578 1503 ponantur.

180 1529 253 1592 273.
297 1525 328 1588 Si
351 1544 459 1588 seruus
482 1524 563 1585 intra
585 1526 745 1605 prouincia
767 1526 797 1587 in
818 1526 892 1607 fuga
914 1533 1054 1606 uagatur,
1077 1531 1108 1585 et
1130 1525 1193 1584 do-

93 1627 196 1689 minus
212 1646 284 1688 eum
299 1625 460 1699 inuenerit,
483 1633 514 1687 et
528 1645 637 1690 seruus
652 1629 719 1708 ipse
735 1629 854 1709 fugiens
869 1628 900 1688 in
915 1634 1032 1688 curtem
1049 1626 1191 1697 alienam,

92 1737 124 1791 et
145 1729 291 1791 dominus
307 1729 373 1790 eius
388 1728 556 1807 insequens
572 1748 643 1791 eum
659 1731 874 1809 adprehensus
889 1729 989 1799 fuerit,
1011 1747 1074 1788 non
1093 1745 1192 1807 repu-

90 1837 174 1892 tetur
197 1831 288 1910 culpa
311 1829 429 1892 domini
450 1849 508 1909 pro
532 1848 585 1904 eo,
616 1831 699 1910 quod
729 1832 760 1892 in
788 1838 873 1892 curte
899 1830 1024 1891 alterius
1053 1829 1191 1889 furorem

91 1933 123 1993 in
146 1952 275 1995 seruum
297 1953 387 1994 suum
407 1931 528 1993 habens
549 1951 616 1992 rcm
639 1951 727 1994 suam
750 1930 936 2010 prehindere
958 1930 1042 1992 uisus
1065 1937 1121 1993 est.
1154 1929 1192 1989 Et

92 2035 121 2096 si
140 2035 207 2109 ille,
241 2033 326 2096 cuius
356 2035 449 2095 curtis
462 2032 577 2107 luerit,
611 2040 664 2094 aut
696 2033 806 2112 aliquis
837 2051 875 2092 ex
905 2031 1083 2092 hominibus
1111 2029 1189 2092 illius

95 2135 282 2216 mancipium
302 2136 405 2215 ipsum
428 2135 466 2196 de
489 2154 614 2196 manum
638 2134 740 2196 tulerit
767 2143 820 2195 aut
841 2132 1045 2205 antesteterit,
1074 2132 1191 2193 nullum

91 2238 225 2318 penitus,
248 2237 300 2318 qui
316 2257 441 2300 seruum
464 2237 611 2316 sequitur,
632 2236 663 2296 in
687 2244 772 2298 curte
793 2236 862 2315 ipsa
877 2234 1059 2298 scandalum
1079 2232 1188 2306 iaciat3
1212 2318 1215 2324 .

92 2341 119 2403 si
144 2339 269 2423 lecerit,
301 2340 432 2420 qualiter
459 2338 490 2398 in
518 2339 580 2400 hoc
613 2338 745 2399 edictum
783 2337 893 2418 legitur
927 2336 1008 2422 [cap.
1030 2337 1082 2400 34.
1104 2335 1188 2419 277}

92 2448 261 2522 conponat.
296 2442 336 2503 Et
358 2441 409 2521 qui
426 2448 557 2503 'seruum
580 2440 772 2502 antesteterit
794 2448 846 2502 aut
868 2440 906 2499 dc
928 2457 1054 2501 manum
1077 2437 1189 2505 tolerit,
1208 2460 1222 2482 ⁴

89 2545 121 2605 in
149 2545 249 2626 ipsius
280 2544 320 2606 sit
346 2543 527 2623 periculum.
577 2542 655 2602 Nam
683 2542 709 2603 si
737 2561 811 2604 casu
838 2541 1002 2602 facientem
1029 2540 1190 2621 contigerit

92 2647 281 2727 mancipium
303 2645 404 2725 ipsum
421 2645 501 2706 mori
524 2651 576 2706 aut
599 2643 671 2705 alibi
692 2653 932 2724 transmegrare,
954 2643 1021 2722 ipse
1043 2642 1095 2726 qui
1117 2661 1188 2703 eum

93 2749 129 2810 de
152 2768 248 2811 manu
271 2747 388 2808 domini
411 2749 457 2808 sui
481 2746 598 2817 tolerit,
626 2746 775 2813 restituat.
826 2747 865 2808 Et
886 2745 912 2808 si
933 2745 1076 2806 inuentus
1098 2745 1190 2805 fuerit

93 2858 122 2911 ut
143 2851 303 2922 reddatur,
326 2868 390 2909 non
412 2856 541 2928 cogatur
556 2847 699 2909 dominus
721 2855 794 2927 post
814 2848 876 2909 tale
890 2846 1102 2927 fatigationem
1118 2865 1189 2906 eum

91 2951 119 3013 in
142 2952 244 3034 gratia
265 2950 413 3030 recipere,
436 2950 495 3012 nisi
516 2950 659 3013 uoluerit.

174 3056 248 3119 274.
292 3053 324 3114 Si
346 3054 415 3132 quis
438 3051 625 3132 mancipium
647 3050 789 3130 fugacem
811 3051 842 3110 in
865 3069 939 3111 casa
961 3066 1019 3110 sua
1033 3047 1189 3109 nesciente

92 3155 219 3217 domino
249 3173 342 3234 super
369 3171 484 3213 nouem
512 3160 620 3215 noctes
647 3152 805 3226 habuerit,
839 3159 869 3213 et
900 3149 1062 3230 contigerit
1087 3148 1189 3228 ipsum

93 3255 280 3334 mancipium
310 3253 424 3335 aliquid
455 3255 528 3316 mali
557 3263 739 3335 penetrare,
768 3261 821 3316 ant
848 3252 926 3313 mori
955 3259 1008 3313 aut
1030 3253 1188 3323 aberrare,

92 3357 140 3418 ille
157 3357 209 3438 qui
233 3375 304 3417 eum
327 3356 463 3436 suscepit
485 3364 515 3418 et
537 3357 648 3419 celauit
670 3366 722 3419 aut
745 3357 896 3418 mandare
912 3353 1055 3435 neglexit,
1078 3351 1189 3415 reddat
1251 3436 1254 3441 Ι

92 3458 192 3538 ipsum
214 3457 403 3538 mancipium
425 3465 479 3519 aut
500 3459 633 3538 pretium
656 3459 731 3531 eius,
754 3466 785 3520 et
807 3458 954 3519 damnum
976 3457 1061 3536 quod
1083 3456 1190 3516 iecerit

93 3560 158 3640 ipse
180 3568 349 3640 conponat,
373 3561 425 3641 qui
447 3580 519 3621 eum
539 3568 612 3641 post
634 3581 668 3623 se
690 3559 808 3626 habuit.

174 3665 248 3728 275.
292 3661 323 3722 Si
347 3662 534 3742 mancipium
549 3663 685 3725 alienum
700 3662 852 3743 refugium
867 3667 939 3740 post
958 3661 1051 3721 alium
1073 3660 1189 3731 fecerit,

93 3763 121 3824 id
144 3765 243 3826 estin
272 3764 390 3836 fraida,
421 3784 495 3825 mor
523 3766 649 3827 mandet
677 3764 805 3826 domino
835 3763 949 3843 ipsius,
980 3781 1074 3841 quam
1102 3762 1188 3823 citius

94 3867 244 3944 potuerit,
267 3874 322 3927 aut
348 3884 405 3945 per
432 3867 580 3946 scriptum
610 3874 663 3928 aut
684 3884 741 3946 per
763 3872 847 3926 certo
870 3864 1012 3935 homine,
1037 3870 1188 3943 quatenus

94 3984 164 4028 cum
186 3968 217 4028 in
239 3967 339 4048 gratia
362 3951 505 4048 recipiat}
534 3976 564 4029 et
587 3968 612 4030 si
634 3967 767 4029 noluerit
790 3986 860 4026 eum
883 3966 1030 4045 recipere,
1054 3972 1084 4026 et
1106 3965 1190 4025 dila-
