2574 4710
164 344 372 409 lursrvcn
392 343 518 409 uncus
539 345 593 406 nu
612 344 722 409 anuo
746 349 781 420 v,
803 365 834 428 p.
860 345 931 409 chr.
954 349 1026 414 755.
1092 349 1152 415 reo

61 530 208 592 Similiter
222 538 253 593 et
266 530 456 592 uenerabilia
469 532 540 593 loca
554 531 668 593 faciant
683 532 721 591 de
738 534 842 605 rebus,
866 552 925 613 quc
946 533 1014 613 ipsa
1035 526 1153 614 possc-

61 634 167 705 deunt,
184 633 210 695 si
231 651 250 695 a
271 633 473 714 langobardis
488 634 602 696 fuerint
614 633 737 712 pulsati.
769 632 849 707 Quia
864 635 1001 696 anterior
1016 635 1152 698 edietus¹

62 736 199 798 contenit
213 736 252 797 de
268 735 404 820 quinque
426 754 578 797 annorum
600 735 840 816 possessionem,
863 738 962 817 utqui
979 738 1154 818 possederit

60 858 117 918 per
149 837 287 919 quinque
315 820 414 900 annos
443 838 474 899 in
501 838 600 900 faciae
629 839 694 900 eius
725 837 777 918 qui
801 837 985 917 pulsauerit,
1021 840 1088 919 ipse
1117 860 1152 902 se

63 941 233 1002 secundum
258 939 360 1022 legem
388 941 550 1014 defendat,
579 948 609 1002 et
625 939 707 1001 ‘loca
732 939 921 1002 uenerabilia
946 940 1027 1002 inter
1052 961 1087 1003 se
1112 943 1152 1003 de

63 1044 155 1105 rebus
179 1041 365 1123 quibuslebit
386 1042 590 1123 quadraginta
612 1062 764 1104 annorum
785 1043 944 1123 possessio
967 1043 1150 1106 excluditur:

10 1178 14 1191 ·
63 1143 133 1204 ideo
160 1143 275 1207 iustum
305 1144 452 1221 diximus,
480 1151 513 1205 ut
541 1145 593 1224 qui
619 1164 676 1225 per
702 1145 825 1226 triginta
847 1164 945 1207 annos
966 1145 1151 1224 possederit,

64 1246 233 1325 possedeat
255 1254 286 1309 et
306 1245 441 1311 inantea.
578 1238 584 1251 ’
655 1234 659 1242 ’

148 1350 197 1415 19.
240 1348 282 1410 X.
314 1348 345 1410 si
366 1348 433 1429 quis
455 1349 663 1429 langobardus
685 1366 812 1411 causam
831 1347 976 1411 habuerit
990 1348 1151 1412 eumlocis

64 1449 292 1512 uenerabilibus
320 1469 380 1530 que
409 1450 449 1512 ad
479 1449 657 1512 defensioue
685 1450 790 1530 palatii
817 1469 888 1513 csse
914 1460 1097 1524 noscuntur,
1125 1452 1151 1514 si

66 1551 153 1615 fuerit
176 1571 271 1615 causa
293 1554 375 1613 unde
397 1533 625 1614 sacramentum
647 1553 759 1614 debeat
785 1553 972 1632 procedere:
1002 1553 1029 1616 si
1057 1555 1152 1615 iudex

65 1656 224 1728 abbatem,
247 1654 407 1720 custodem
428 1654 480 1715 uel
500 1654 692 1735 prepositum
712 1654 895 1734 pulsauerit,
916 1655 985 1736 ipse
1006 1639 1035 1716 ei
1055 1655 1152 1720 satis-

62 1756 173 1832 faciat3
217 1755 243 1816 si
280 1763 382 1816 autem
419 1757 534 1829 abbas,
577 1762 679 1818 custus
717 1765 771 1818 aut
805 1756 981 1837 prepositus
1018 1757 1151 1819 iudicem

61 1856 235 1939 pulsauerit
277 1864 308 1918 et
356 1866 586 1929 sacramentum
635 1858 741 1921 datum
786 1857 856 1919 fieri
905 1859 1034 1932 debeat,
1082 1860 1150 1939 ipse
1200 1896 1232 1925 ι.

29 1973 32 1979 “
61 1961 158 2023 iudex
177 1962 290 2029 iterum
310 1959 339 2021 ei
359 1967 588 2021 sacramentum
610 1961 751 2025 deducat.
786 1959 817 2020 Si
839 1979 914 2020 uero
938 1960 1016 2021 alter
1036 1960 1150 2041 lango-

61 2062 180 2125 bardus
201 2061 344 2122 habuerit
371 2080 497 2123 eausam
524 2080 594 2122 cum
623 2061 785 2123 abbatibus
812 2061 895 2122 unde
922 2069 1150 2124 sacramentum

63 2164 228 2225 deductum
254 2162 324 2224 fieri
352 2165 477 2240 debeat,
508 2169 714 2244 anteponatur
735 2164 832 2224 abbas
854 2162 921 2244 ipse
948 2164 1047 2226 solus:
1075 2184 1150 2226 nam

61 2264 140 2329 alibs
157 2264 265 2346 quales
280 2266 414 2347 clegerit,
438 2265 543 2346 quanti
558 2265 726 2327 secundum
742 2264 842 2345 legem
856 2265 959 2326 iurare
980 2266 1149 2340 debuerint

64 2376 293 2431 sacramentum
313 2368 483 2444 deducant;
503 2368 548 2430 ita
569 2376 673 2430 tamen
688 2374 720 2428 ut
739 2366 806 2448 ipse
828 2369 926 2429 abbas
941 2366 1010 2429 talis
1026 2367 1073 2442 sit,
1097 2369 1150 2449 qui

65 2488 119 2549 per
144 2469 253 2550 regula
277 2470 447 2532 secundum
473 2472 565 2532 deum
591 2471 689 2543 uiuat,
728 2476 759 2530 et
789 2469 943 2531 subiectos
977 2471 1148 2534 monachos

64 2590 161 2652 usque
185 2570 404 2652 quinquaginta
419 2579 449 2633 et
470 2568 611 2653 amplius,
634 2572 686 2657 qui
700 2591 769 2633 cum
785 2591 822 2633 eo
838 2571 1019 2653 regulariter
1033 2572 1148 2640 uiuant.

61 2672 93 2733 Si
115 2674 241 2753 quidem
263 2692 333 2734 cunr
355 2674 416 2735 alio
440 2675 600 2737 custodem
620 2674 670 2735 uel
691 2674 881 2754 prepositum
896 2675 935 2735 (le
948 2674 1025 2737 loeis
1047 2694 1149 2735 uene-

59 2763 209 2838 rabilibus
232 2795 357 2837 causam
378 2775 529 2849 habuerit,
550 2776 619 2856 ipse
641 2776 776 2838 custodis
799 2776 849 2836 uel
870 2777 1018 2857 prepositi
1037 2797 1148 2841 saura-

61 2886 200 2941 mentum
222 2879 384 2944 deducant.

145 2991 196 3054 20.
240 2989 294 3050 Xl.
326 2988 447 3069 Siquis
470 2994 645 3048 cumeurtc
671 2988 751 3069 regis
779 3008 905 3051 causam
931 2989 1088 3064 habuerit,
1118 2999 1149 3054 et

61 3090 201 3151 euenerit
221 3099 254 3152 ut
275 3110 349 3170 pars
370 3090 462 3151 curtis
485 3089 565 3169 regis
595 3099 823 3152 sacramentum
845 3072 997 3167 deducere
1020 3093 1145 3154 debeat:

61 3192 87 3253 si
116 3193 218 3253 maior
245 3211 337 3254 eausa
367 3192 471 3265 luerit,
504 3210 561 3271 per
593 3199 819 3253 sacramentum
851 3192 1045 3254 oucscarioni
1061 3248 1064 3253 .
1078 3193 1148 3254 cum

61 3293 218 3356 actoribus
245 3293 386 3369 finiatur;
415 3295 440 3357 si
467 3312 543 3354 uero
573 3295 676 3353 minor
699 3293 791 3355 fuerit
819 3312 960 3364 causam,
993 3299 1080 3353 actor
1108 3293 1148 3354 de

62 3394 132 3456 loco
147 3415 217 3457 cum
233 3397 389 3458 actoribus
405 3396 573 3458 secundum
595 3395 773 3476 qualitatem
790 3413 904 3457 causae
918 3403 1147 3457 sacramentum

61 3498 252 3576 persoluaut.

146 3620 198 3683 21.
241 3617 309 3679 XII.
340 3619 379 3680 Et
406 3618 467 3679 hoc
495 3616 673 3690 definimus,
701 3625 733 3679 ut
759 3624 926 3696 postquam
948 3615 1044 3678 iussio
1066 3616 1147 3698 regis

61 3719 153 3781 fuerit
174 3720 206 3779 in
228 3720 394 3780 exercitum
416 3719 644 3810 ambulandum,
667 3709 701 3779 ct
719 3719 916 3781 constitutum
937 3714 1092 3798 positum²
1109 3719 1148 3778 ad

62 3822 265 3883 mouitionem
286 3821 469 3893 faciendam,
492 3821 593 3883 nullus
615 3809 774 3901 presumat
788 3820 1006 3883 fideiussorem
1022 3827 1075 3881 aut
1089 3821 1148 3880 de*

61 3922 195 3982 bitorem
215 3942 274 4002 pro
297 3941 490 4003 quacumque
511 3942 605 3984 eausa
625 3923 797 4004 pignerare,
820 3923 845 3985 si
861 3924 900 3983 dc
919 3942 980 3983 una
1001 3921 1147 3984 iudicaria

60 4023 165 4096 fuerit,
194 4024 234 4085 ad
262 4023 328 4086 dies
357 4024 519 4085 duodecim
544 4031 709 4106 antequam
732 4033 821 4088 exeat
844 4026 883 4085 ad
897 4012 1148 4095 exercitandum,

62 4210 82 4280 ¹)
102 4211 177 4264 nott.
196 4209 259 4264 228.
334 4214 354 4280 ²)
373 4211 473 4280 Liutpr.
492 4211 537 4264 27.
683 4219 685 4223 ’
