2574 4710
156 347 222 415 Ι108
268 345 664 411 ‚LlVTPBANDlLIlGES
684 347 779 409 ANNI
800 349 867 410 Xll.
891 349 973 416 GAP.
996 353 1130 418 60-61.

142 541 191 596 et
211 540 398 614 anteaquam
420 532 460 593 ad
481 538 620 594 nostram
635 533 797 613 perueniat
817 535 976 609 noditiam,
998 536 1089 600 fraus.
1105 537 1179 617 ipsa
1188 557 1238 618 per

159 636 343 720 gastaldium
363 633 521 695 inuentam
541 634 645 709 luerit,
673 635 790 698 babeat
814 638 883 718 ipse
909 639 1078 718 gastaldius
1106 639 1146 699 de
1167 657 1238 701 oon-

143 739 312 822 ;.positione
341 755 435 820 quam
469 743 554 798 actor
587 755 764 818 conponere
790 739 875 801 deuit
904 748 1027 821 partem
1052 740 1188 814 tertiam,
1211 751 1238 805 et

159 844 237 906 duas
263 848 368 922 partes
399 838 520 900 sintin
545 839 636 901 eurfis
661 840 756 920 regia.
812 840 853 902 Et
881 843 908 904 si
940 862 997 923 per
1030 842 1238 924 qualicumque

142 944 317 1009 bominem
345 941 430 1022 prius
459 941 502 1002 ad
524 947 665 1003 nostram
692 943 869 1023 peruenerit
892 945 1051 1018 notitiam,
1074 963 1170 1025 quam
1188 965 1238 1026 per

98 1092 101 1099 .
157 1046 310 1129 gastaldio
329 1044 455 1105 inuenta
476 1041 528 1114 sit,
548 1050 623 1104 tunc
642 1045 816 1124 conpositio
836 1045 906 1126 ipsa
928 1048 959 1108 in
981 1048 1137 1129 integrum
1157 1046 1238 1111 nobis

141 1155 189 1210 et
220 1147 297 1209 curti
329 1151 436 1207 nostre
464 1150 634 1224 perteneat
686 1144 779 1218 Quod
811 1147 838 1208 si
869 1149 962 1210 iudex
994 1158 1047 1212 aut
1078 1156 1168 1211 actor
1192 1149 1235 1210 uel
1274 1156 1279 1167 ·

141 1249 283 1312 ⁴heredis
320 1266 438 1308 eorum.
464 1245 577 1326 pulsati
606 1264 625 1307 a
657 1248 746 1310 nobis
778 1248 909 1323 fuerint,
950 1252 1034 1330 quod
1073 1250 1235 1332 neglectum

156 1350 295 1414 iecissint
330 1349 370 1410 ad
408 1339 622 1428 exquirendas
655 1368 706 1412 res
740 1358 878 1424 nostras,
929 1360 960 1413 et
994 1352 1054 1432 ipsi
1093 1352 1235 1427 dixerent,

158 1453 241 1536 quod
262 1451 364 1532 ipsam
384 1449 527 1510 fraudem
539 1450 713 1512 nescissent
733 1459 763 1512 et
783 1453 900 1514 nullum
914 1454 1076 1517 neelictum
1091 1455 1235 1529 fecissent,

155 1560 308 1636 preueant
328 1553 360 1614 in
381 1551 440 1613 tali
455 1551 564 1614 ordine
586 1562 829 1627 sacramentum,
851 1564 881 1617 et
902 1555 1017 1619 dicant:
1041 1557 1137 1637 „quia
1157 1566 1238 1639 pater

143 1663 263 1719 noster
288 1653 430 1716 fraudem
456 1654 548 1716 istam
580 1674 750 1734 numquam
783 1657 872 1719 sciuit
896 1677 954 1718 nec
980 1659 1157 1734 consensit,
1189 1679 1238 1721 nec

143 1758 320 1840 ,neglictum
341 1755 445 1836 posuit
466 1756 505 1816 ad
528 1756 760 1836 exquirendum,
782 1778 839 1819 nee
860 1779 917 1822 nos
939 1761 1113 1842 perlegam
1135 1763 1239 1843 culpa-

155 1861 232 1922 uelis
260 1878 330 1922 esse
363 1859 549 1930 deuemus“,
577 1865 607 1919 et
635 1858 696 1920 sint
721 1867 832 1938 postea
867 1863 1009 1924 absoluti.
1062 1863 1133 1926 Hoc
1163 1865 1237 1925 enim

156 1962 321 2044 capitulum
351 1959 465 2024 amodo
497 1960 675 2032 statuimus,
708 1970 741 2021 ut
771 1960 868 2026 firmis
902 1967 958 2040 sit;
988 1983 1063 2026 nam
1098 1966 1237 2046 quidquid

156 2073 248 2127 antea
274 2072 376 2126 actum
397 2071 463 2135 est,
491 2062 522 2122 in
544 2069 651 2123 nostro
681 2062 840 2124 arbitrium
866 2085 1073 2132 reseruemus.
1125 2067 1164 2129 Et
1181 2067 1237 2130 hoe

153 2167 285 2248 proinde
307 2172 442 2233 statuere
460 2164 658 2245 preuidemus
679 2184 737 2244 pro
762 2184 815 2238 eo,
838 2169 921 2247 quod
944 2168 1055 2232 multas
1076 2169 1233 2233 fraudosa

154 2268 313 2355 gastaldiis
334 2267 385 2329 uel
406 2266 559 2328 actoribus
588 2270 703 2328 nostris
730 2268 828 2331 iactas
858 2270 1046 2343 inuenimus,
1076 2271 1232 2333 undeinn

154 2372 265 2437 multas
288 2369 474 2451 fatigationis
496 2356 670 2430 babuimus.
706 2369 785 2430 Nam
808 2372 891 2451 quod
914 2391 932 2433 a
955 2373 1067 2435 nostris
1092 2374 1236 2435 decesso-

153 2472 239 2534 ribus
255 2472 434 2553 cuicnmque
450 2471 556 2531 datum
571 2478 626 2545 est,
648 2471 749 2532 stabili
763 2472 872 2532 ordine
891 2474 1034 2536 uolumus
1048 2493 1237 2555 permanere,

153 2575 231 2638 sicut
252 2581 283 2636 et
301 2574 395 2646 illum,
419 2573 502 2653 quod
525 2593 583 2634 nos
606 2571 745 2636 dedimus
769 2582 821 2636 aut
840 2557 965 2637 inantea
988 2576 1185 2640 dederemus.

237 2678 288 2740 60.
310 2674 374 2739 Vll.
418 2673 449 2735 si
464 2673 597 2737 ¹haldius
631 2674 848 2756 cuiuscumque
882 2695 950 2737 cum
984 2677 1083 2739 libera
1116 2678 1236 2740 muliere

154 2786 206 2840 aut
227 2776 330 2858 puella
358 2776 528 2857 fornigatus
557 2764 661 2849 inerit,
690 2785 847 2858 conponot
875 2778 991 2842 solidos
1019 2780 1236 2861 quinquaginta

154 2881 191 2953 ei,
212 2879 244 2941 in
267 2878 350 2941 cuius
366 2879 524 2941 mundium
545 2879 615 2959 ipsa
636 2878 736 2952 fuerit,
758 2887 789 2940 et
809 2880 862 2941 illa
883 2881 998 2961 repotit
1011 2882 1119 2966 uitium
1142 2901 1236 2953 suum,

151 2966 209 3062 pro
232 3001 269 3043 eo
292 2982 374 3063 qnod
396 2979 534 3042 haldioni
555 2982 721 3046 consensit.

235 3086 285 3148 61.
308 3080 385 3148 Vlll.
430 3082 461 3143 Si
483 3083 550 3162 quis
573 3081 624 3144 alii
652 3083 764 3144 uuadia
787 3081 825 3144 de
854 3093 1083 3146 sacramentum
1112 3084 1236 3157 dederit,

153 3195 183 3248 et
204 3185 434 3250 sacramentalis
457 3186 528 3246 dieti
548 3186 683 3257 suerent,
713 3192 744 3245 et
764 3192 874 3264 postea
899 3186 967 3266 ipse
990 3186 1042 3266 qui
1063 3189 1238 3248 nominatus

152 3295 212 3363 est,
236 3309 305 3350 cum
327 3289 367 3350 ad
390 3274 617 3350 sacramentum
639 3288 759 3348 uenerit
781 3294 811 3348 et
833 3288 992 3368 euangelia
1013 3288 1117 3367 posita
1138 3288 1236 3360 fuerit,

152 3410 186 3454 se
214 3393 374 3453 subtraere
401 3389 561 3470 quesierit,
588 3397 622 3451 ut
648 3394 875 3450 sacramentum
902 3396 1077 3469 rumpatur,
1106 3390 1185 3465 sieut
1207 3390 1237 3450 in

152 3493 306 3555 anteriore
328 3491 460 3553 edictum
487 3491 587 3577 [uoto.
608 3490 681 3576 363]
704 3497 751 3552 est
772 3491 985 3553 constitutum:
1016 3499 1089 3552 tunc
1110 3497 1236 3572 preueat

151 3594 236 3674 prius
261 3593 326 3666 ille,
360 3593 411 3673 qui
444 3594 547 3656 iurare
575 3593 682 3667 debet,
722 3593 761 3654 ad
791 3592 859 3654 illos
896 3593 1127 3656 sacramentalis
1165 3612 1237 3656 suos

152 3688 392 3768 sacramentum,
426 3695 599 3776 quodcum
622 3714 662 3756 eo*
688 3695 841 3756 munditer
861 3684 984 3761 iurent.¹
1019 3695 1104 3757 Etsi
1127 3714 1237 3758 saera-

152 3798 291 3860 mentalis
313 3797 371 3877 ipsi
396 3796 503 3858 audire
517 3797 687 3872 noluerent,
710 3805 795 3859 etse
817 3796 925 3877 aliquis
945 3797 977 3858 in
1000 3796 1144 3859 omnibus
1160 3798 1241 3860 sub-

150 3899 276 3961 trahere
297 3898 456 3980 quesierit,
487 3907 521 3961 ut
540 3899 608 3980 ipse
630 3918 756 3962 causam
784 3919 873 3962 suam
896 3900 947 3980 qui
973 3901 1076 3962 iurare
1099 3899 1243 3961 debuerit.

149 4002 277 4081 perdat,
303 3988 455 4063 iubemus*
470 4009 503 4063 ut
532 4002 738 4064 manefestare
765 4003 877 4063 debeat
902 4001 969 4082 ipse
996 4001 1236 4065 sacramentales

152 4103 205 4184 qui
227 4122 261 4165 se
283 4105 442 4165 subtraere
463 4102 607 4177 uoluerit,
636 4112 752 4166 certam
773 4103 951 4178 ueritatem,
977 4124 1036 4184 pro
1060 4124 1122 4186 qna
1143 4122 1237 4166 causa

150 4205 254 4268 iurare
276 4204 408 4266 menime
429 4206 597 4285 presumit;
620 4200 698 4270 etsi
718 4205 917 4270 manifestare
939 4205 1071 4267 menime
1093 4204 1240 4286 potnerit,
