2574 4710
256 334 423 398 EDICTVS
443 335 621 397 ROTHARI
643 335 724 398 CAP.
748 339 926 406 348-352.
1103 344 1144 409 65

128 521 200 586 348.
245 519 368 601 Siquis
392 523 432 582 ab
455 519 516 582 alio
543 520 671 582 homine
702 530 829 602 rogatus
851 523 957 596 fuerit,
987 526 1141 589 caballum

65 630 101 683 nrt
119 621 259 702 quolibet
279 622 434 703 peculium
456 641 596 702 querere,
623 623 773 703 signaque
796 625 824 684 ei
846 625 1017 700 dictauerit,
1039 635 1070 688 et
1090 627 1142 689 ille

65 725 150 787 ursan
173 724 227 804 qui
249 731 378 804 rogatus
401 730 461 797 est,
491 724 644 785 caballum
674 724 809 787 alienum
836 735 889 788 aut
910 728 1063 807 peculium
1084 749 1142 810 per

65 846 184 888 errorem
209 827 378 906 praeuenit:
409 827 436 889 si
463 825 584 887 uenerit
609 826 756 906 proprius
784 828 928 891 dominns
959 837 990 890 et
1018 830 1141 893 calum-

65 929 126 990 iam
148 947 301 1010 generare
324 916 465 1002 uoluerit,
487 928 530 990 ita
551 928 780 1008 prospeximus,
803 939 836 991 ut
857 930 909 991 ille
925 931 977 1011 qui
998 950 1069 991 eum
1083 953 1141 1011 per

65 1050 184 1092 rrorem
205 1030 318 1105 tenuit,
340 1032 492 1110 praebeat
513 1038 760 1104 sacramentum,
784 1032 855 1113 quia
878 1032 1016 1093 crededit
1037 1033 1139 1113 ipsum

66 1153 121 1209 sse,
144 1133 228 1194 unde
250 1140 378 1213 rogatus
404 1131 510 1208 fuerit3
543 1141 615 1194 tunc
641 1133 752 1194 reddat
778 1134 932 1195 caballum
955 1134 1138 1213 etamplius

66 1255 105 1296 un
127 1235 348 1308 calumnietur,
376 1235 402 1323 si
429 1253 501 1295 eum
529 1235 610 1296 male
639 1254 703 1295 non
731 1235 920 1300 tractauerit.
968 1226 1006 1296 Et
1027 1236 1054 1297 si
1075 1255 1138 1296 non

64 1337 161 1398 cuerit
181 1336 329 1417 proprius
352 1337 514 1410 dominus,
542 1337 653 1398 reddat
675 1355 745 1396 eum
766 1336 825 1409 illi,
855 1337 894 1397 de
917 1356 1009 1416 quem
1035 1337 1138 1417 ipsum

65 1438 123 1511 rlit,
160 1447 195 1499 ut
223 1439 291 1518 ipse
319 1437 431 1499 iterum
459 1439 545 1499 iuxta
578 1438 691 1518 legem,
733 1437 810 1500 sicut
839 1458 934 1518 supra
961 1438 1041 1522 [cup.
1063 1439 1135 1524 343]

65 1547 197 1600 coretum
221 1547 277 1612 est,
301 1539 465 1605 conseruit.

124 1642 193 1708 349.
238 1641 286 1701 De
306 1644 436 1721 porcos,
467 1641 494 1703 si
515 1641 546 1701 in
568 1640 632 1703 isca
660 1642 785 1704 alterius
807 1641 949 1722 paucrint
972 1648 1001 1703 et
1021 1641 1137 1703 inuenti

65 1742 163 1818 rerinl,
192 1743 342 1805 siminus
365 1750 437 1806 sunt
458 1744 497 1803 de
520 1743 635 1818 decim,
664 1764 726 1805 non
748 1744 906 1805 occidatur
932 1763 1035 1823 neque
1057 1764 1136 1806 unus

65 1845 190 1926 ripsis3
222 1845 277 1906 sed
299 1844 350 1905 ille
373 1846 425 1925 qui
448 1864 502 1906 eos
532 1845 699 1919 inuenerit,
727 1853 832 1908 teneat
858 1866 953 1906 rmum
983 1865 1021 1905 ex
1049 1846 1135 1926 ipsis,

65 1948 208 2009 ‚habeat
230 1947 366 2021 saluum,
395 1955 426 2008 ct
448 1955 641 2026 conponatur
664 1948 691 2008 ei
713 1967 769 2027 per
790 1967 887 2027 porco
911 1948 1039 2027 siliquas
1061 1956 1135 2010 tres.

65 2070 114 2112 am
138 2050 165 2112 si
188 2068 283 2129 super
302 2047 417 2109 fuerint
432 2049 471 2108 de
487 2049 594 2124 decim,
618 2057 649 2110 et
670 2068 770 2128 usque
791 2049 831 2109 ad
848 2049 955 2122 decim,
978 2049 1136 2111 occidatur

65 2174 114 2214 rus
137 2150 319 2225 mediocris,
350 2157 381 2211 et
401 2170 464 2212 non
486 2151 679 2230 requiratur;
708 2149 766 2212 nisi
789 2150 815 2211 si
839 2151 939 2212 minus
961 2150 1074 2211 luerint
1095 2151 1134 2210 de

65 2255 135 2316 reim
157 2263 189 2316 et
212 2253 367 2326 occiderit,
390 2253 501 2315 reddat
521 2253 675 2333 ferquido,
697 2252 728 2312 id
752 2258 799 2313 est
820 2251 960 2317 similem.

118 2361 191 2423 350.
237 2355 269 2415 Si
294 2355 363 2435 quis
385 2354 415 2415 in
439 2362 563 2435 pratum
584 2374 698 2435 porcos
728 2354 831 2416 fossas
859 2352 1006 2414 facientes
1037 2372 1134 2414 unum

65 2466 91 2520 ul
110 2459 217 2538 plures
240 2457 407 2530 inuenerit,
439 2456 598 2518 occidatur
625 2457 717 2518 unus¹
733 2464 851 2518 tantum
881 2463 911 2516 et
938 2475 999 2515 non
1022 2455 1133 2535 requi-

65 2570 130 2622 rtur.

117 2664 190 2728 351.
234 2662 280 2721 De
302 2680 402 2726 uerre.
446 2660 478 2720 Si
501 2660 568 2740 quis
591 2680 715 2721 uerrem
730 2660 865 2721 alienum
879 2660 1037 2734 iurauerit,
1053 2679 1133 2721 con-

65 2772 131 2826 ›nat
153 2762 272 2827 solidos
295 2764 477 2837 duodicem3
508 2762 575 2841 ipse
602 2763 712 2824 dicitur
740 2763 919 2843 sonorpair,
949 2762 1001 2842 qui
1021 2762 1131 2837 ‚omnis

65 2867 111 2928 iris
135 2856 243 2927 uerres
265 2865 296 2925 in
312 2885 412 2946 ,grege
432 2866 524 2926 hattit
546 2873 577 2927 ct
599 2864 702 2930 uincit.
751 2866 868 2926 Tamen
890 2865 921 2925 in
944 2884 1005 2926 uno
1028 2883 1131 2944 grege,

65 2968 177 3028 romnis
200 2967 362 3028 multitudo
385 2986 552 3047 porcorum
574 2966 683 3042 fuerit,
705 2986 784 3028 unus
807 2975 992 3046 conputetur
1013 2985 1133 3027 sonor-

65 3069 118 3143 rir;
148 3087 223 3128 nam
251 3068 275 3130 si
304 3068 406 3128 minor
432 3088 507 3149 grex
537 3069 576 3128 de
605 3069 737 3149 trigenta
763 3076 907 3149 capetum
932 3068 1038 3140 fuerit,
1068 3088 1131 3128 non

67 3178 194 3250 potetur
215 3169 391 3250 sonorpair,
413 3168 472 3230 nisi
494 3169 520 3231 si
542 3169 665 3249 triginta
687 3178 740 3231 aut
762 3190 855 3250 super
877 3170 998 3230 fuerint.
1046 3169 1084 3230 Et
1106 3169 1132 3231 si

84 3273 234 3333 damnum
260 3271 328 3351 ipse
355 3271 523 3352 sonorpair
549 3269 669 3332 occisus
697 3271 804 3343 luerit,
834 3277 887 3331 aut
916 3271 1047 3333 similem
1079 3277 1132 3331 aut

65 3375 195 3436 eliorem
221 3374 289 3453 ipse
313 3372 365 3452 qui
387 3372 547 3444 occiderit,
571 3371 712 3433 restituat
734 3378 764 3430 et
786 3371 933 3432 damnum
957 3371 985 3431 ei
1007 3389 1131 3449 conpo-

65 3481 139 3551 uur3
162 3495 237 3537 narn
259 3476 286 3537 si
308 3475 358 3536 alii
380 3494 487 3537 uerres
510 3482 563 3537 aut
583 3473 671 3554 porci
691 3472 784 3534 furati
804 3473 926 3545 luerint,
949 3473 978 3532 in
995 3473 1130 3552 actogild

65 3580 188 3639 ddatur.

113 3684 188 3746 352.
230 3679 277 3740 De
298 3679 443 3759 porcario
466 3681 605 3741 battudo.
639 3679 670 3741 Si
693 3679 761 3760 quis
781 3675 926 3758 porcario
943 3677 981 3737 de
1002 3677 1130 3739 homine

65 3801 128 3843 »ero
152 3781 334 3854 battederit,
357 3781 425 3861 ipse
447 3782 499 3862 qui
521 3782 559 3841 de
582 3788 667 3842 curte
688 3781 784 3862 ipsius
808 3779 886 3853 exit,
909 3799 983 3840 nam
1005 3799 1068 3840 non
1092 3781 1130 3840 de

66 3904 104 3947 sa
140 3883 302 3957 massarii,
336 3890 496 3963 conponat
529 3882 647 3944 solidos
683 3883 807 3963 uigenti.
864 3883 995 3944 Tantum
1022 3888 1070 3943 est
1098 3888 1132 3942 ut

65 3986 191 4048 »rearius
220 3985 288 4066 ipse
318 3984 409 4045 ferita
436 3985 522 4065 prius
548 4003 612 4044 non
633 3983 727 4044 faciat
754 3991 807 4046 aut
835 3985 1016 4046 scandalum
1039 4001 1131 4044 cum-

65 4088 146 4164 lttat3
169 4107 243 4149 nam
266 4086 293 4149 si
313 4086 423 4147 lecerit
443 4089 553 4167 plagas
576 4092 630 4148 aut
651 4085 767 4157 feritas,
790 4086 977 4147 arbitrentur
999 4091 1030 4146 et
1050 4104 1136 4147 con-.

65 4197 195 4256 urantur.
959 4272 969 4292 ἢ

901 4293 920 4352 5
