2574 4710
91 340 133 405 62
310 337 476 400 nurcrvs
498 337 677 400 nuruum
698 335 780 399 car.
803 339 980 417 aaa-339.

179 526 250 590 329.
299 523 347 584 De
375 542 452 585 cane
478 523 590 588 furato.
649 522 680 584 Si
709 523 778 604 quis
807 541 916 585 canem
942 522 1103 597 iurauerit,
1128 524 1175 587 sib'

94 645 210 686 nunum
231 624 352 691 reddat.
1075 637 1078 643 ’

179 729 252 793 330.
296 727 327 789 Si
349 727 417 808 quis
441 747 475 789 se
496 726 716 788 uindicandum
744 726 890 788 occiderit
912 745 1023 788 canem
1045 727 1171 803 alienun,
1207 748 1210 753 ’

94 828 126 889 id
149 838 197 891 est
218 849 287 891 cum
317 838 408 910 spata
437 837 490 890 aut
516 830 619 908 uirga,
649 835 703 890 aut
724 848 793 889 cum
816 828 953 909 qualebit
979 848 1068 891 arma
1096 850 1175 893 mano

94 932 244 1005 tenendo,
272 951 335 994 non
364 931 390 992 ei
418 930 593 1011 requiratur
600 950 608 1005 ;
640 937 759 992 tantum
785 939 832 993 est
858 938 891 992 ut
911 931 981 1011 ipsa
1003 932 1091 1013 uirga
1110 933 1172 995 tales

95 1033 270 1095 inueniatur
302 1053 388 1107 esse,
421 1040 454 1094 nt
481 1032 645 1094 mediocris
672 1041 772 1113 spata.
829 1033 908 1094 Nam
938 1033 964 1095 si
991 1040 1064 1113 post
1088 1033 1175 1114 ipsun

93 1135 264 1209 iactauerit,
288 1143 318 1197 et
340 1155 411 1197 eum
433 1135 593 1206 occiderit,
623 1136 735 1196 reddat
760 1136 903 1216 ferquido
925 1135 956 1195 id
979 1144 1028 1199 est
1050 1137 1173 1203 similem.

179 1239 250 1304 331.
294 1238 417 1319 Siquis
445 1256 554 1298 canem
580 1236 712 1298 alienum
742 1245 833 1299 nocte
859 1245 922 1299 aub
939 1237 970 1298 in
994 1238 1077 1299 diem
1098 1240 1176 1300 dan-

95 1360 170 1402 nnm
192 1340 357 1402 facientem
378 1340 409 1401 iu
432 1359 506 1402 casa
528 1358 585 1402 sua
607 1338 778 1414 inuenerit,
802 1339 827 1401 si
850 1359 921 1400 eum
942 1339 1105 1412 occiderit,
1125 1360 1174 1402 nou
1223 1378 1226 1427 ξ

95 1442 286 1523 requiratur;
315 1449 347 1503 et
368 1441 393 1503 si
421 1441 541 1504 occisus
569 1461 632 1503 non
660 1441 765 1514 fuerit,
794 1434 944 1502 damnaui
971 1442 1057 1521 quod
1084 1442 1176 1515 fecint,
1223 1432 1226 1479 ³

87 1544 239 1606 'dominus
261 1544 383 1607 reddat.

180 1649 252 1712 332.
295 1645 342 1706 De
364 1664 459 1706 uacca
481 1654 683 1726 praegnante.
731 1646 762 1708 Si
789 1645 857 1725 quis
884 1645 1073 1725 percusserit
1098 1664 1179 1707 uacca

95 1744 309 1830 pregnantem,
340 1755 371 1809 et
392 1754 534 1809 auortum
556 1746 664 1820 recinit,
692 1754 850 1827 conponat
875 1747 1018 1810 tremisse
1040 1767 1113 1813 uno,
1151 1747 1180 1808 Et

97 1851 123 1914 si
145 1857 268 1912 mortua
289 1849 391 1922 luerit,
413 1848 525 1911 reddat
546 1866 615 1911 eam
632 1848 763 1929 qualiter
778 1847 972 1929 adpraetiata
985 1849 1087 1923 inerit,
1103 1849 1182 1912 simul

97 1962 129 2016 et
149 1971 254 2033 pecus.
652 2002 656 2008 .

180 2057 252 2121 333.
300 2053 347 2113 De
376 2072 456 2133 equa
483 2061 685 2133 praegnante.
742 2053 773 2116 si
802 2053 870 2134 quis
896 2053 1087 2134 percusserit
1113 2070 1184 2133 equa

97 2163 305 2238 praegnante,
328 2163 359 2217 et
374 2163 518 2217 anortum
531 2155 646 2229 lecirit,
657 2148 824 2236 'conponat
840 2155 973 2218 solidum
988 2173 1100 2230 unum;
1124 2153 1185 2216 etsi

97 2269 219 2322 mortua
232 2259 333 2332 fuerit,
349 2259 461 2320 reddat
476 2277 555 2330 eam,
579 2258 668 2320 simul
685 2265 834 2338 elucens,
850 2266 884 2320 ut
898 2257 1092 2343 supra'ieup.
1108 2256 1185 2341 332}

180 2363 252 2429 334.
294 2362 341 2421 De
364 2360 475 2422 ancilla
497 2369 698 2441 praegnante.
732 2360 763 2422 si
786 2361 854 2441 quis
875 2360 1064 2440 percusserit
1084 2359 1189 2421 ancilla

97 2465 227 2547 grauida
249 2471 280 2524 et
302 2471 445 2525 auertum
466 2461 581 2535 incinit,
604 2469 761 2542 conponat
783 2462 901 2524 solidos
924 2470 998 2524 tres.
1034 2461 1067 2523 Si
1089 2468 1188 2538 autem

98 2587 136 2628 ex
157 2567 227 2647 ipsa
248 2583 436 2646 percussura
463 2572 586 2625 mortua
608 2563 715 2637 fuerit,
745 2573 902 2644 conponat
930 2583 1015 2636 eam,
1045 2563 1137 2626 simul
1163 2570 1191 2624 et

97 2669 180 2749 quod
202 2667 233 2727 in
254 2674 343 2728 utero
365 2667 431 2728 cius
454 2671 608 2727 mortuum
631 2672 688 2728 est.

181 2771 252 2836 335.
294 2769 342 2828 De
364 2759 497 2829 animale
519 2767 686 2832 excoriato.
731 2769 761 2830 Si
784 2769 874 2848 lupus
898 2768 1064 2830 animalem
1086 2767 1192 2829 cuius-

98 2890 229 2952 cumque
251 2869 411 2941 occiderit,
442 2876 472 2930 et
500 2868 594 2948 aliqui
619 2889 690 2929 eum
717 2870 873 2932 nesciente
896 2870 1023 2933 domino
1047 2877 1193 2931 excurte-

98 2973 215 3036 cauerit
236 2980 266 3034 et
287 2971 442 3044 celauerit,
465 2978 496 3032 et
516 2990 573 3051 per
593 2972 785 3050 prodituram
807 2973 964 3033 inuentum
988 2972 1090 3044 fuerit,
1113 2991 1192 3032 con-

95 3082 193 3158 ponat
214 3075 331 3137 solidos
354 3073 526 3138 duodicem.
1139 3136 1142 3141 ¹

180 3180 252 3245 336.
297 3176 373 3238 siin
389 3175 644 3248 llumineanimal
659 3183 798 3238 mortuus
819 3176 911 3237 luerit
930 3183 983 3238 aut
996 3176 1193 3257 ubicumque,

97 3290 127 3344 et
149 3283 188 3343 ab
211 3281 273 3342 alio
294 3279 437 3352 homine,
462 3279 547 3340 cuius
573 3298 636 3339 non
665 3277 770 3350 fuerit,
800 3278 973 3340 excoriatus
1002 3279 1110 3354 fuerit3
1140 3278 1192 3359 qui

97 3402 168 3445 eum
191 3383 369 3454 excoriauit,
391 3387 549 3460 conponat
569 3379 686 3442 solidos
709 3378 883 3445 duodicem.

180 3487 252 3551 337.
299 3486 346 3545 De
375 3483 495 3544 caballo
523 3483 659 3562 plagato.
717 3481 746 3542 Si
778 3480 846 3559 quis
875 3482 1028 3543 caballum
1057 3481 1192 3544 alienum

97 3606 205 3648 aurem
234 3594 288 3648 aut
316 3586 437 3648 oculum
460 3583 647 3655 excusserit,
677 3589 731 3643 aut
758 3581 893 3662 aliquam
919 3583 1096 3646 laesionem·
1118 3602 1193 3645 cor-

97 3688 183 3768 poris
205 3688 320 3760 fecerit,
342 3686 479 3766 recepiat
499 3687 602 3766 ipsum
626 3685 676 3764 qui
699 3684 803 3746 laesus
824 3684 923 3747 factus
946 3692 1002 3758 est,
1030 3693 1061 3747 et
1081 3685 1197 3746 reddat

97 3792 124 3850 ei
146 3789 289 3869 ferquido
311 3789 342 3848 id
365 3796 413 3850 est
434 3787 574 3852 similem.

180 3891 253 3958 338.
295 3891 341 3950 De
363 3891 443 3951 coda
464 3888 584 3950 caballi.
636 3889 666 3950 Si
691 3889 759 3969 quis
781 3888 933 3949 caballum
956 3886 1091 3948 alienum
1113 3888 1194 3949 coda

98 3991 326 4072 cappellauerit,
349 3992 380 4051 id
403 3998 451 4053 cst
473 3999 556 4053 setas
577 3998 707 4062 tantum,
730 3997 886 4070 conponat
907 3988 1033 4050 solidos·
1048 4007 1113 4052 sex.

181 4095 251 4160 339.
297 4092 418 4174 Siquis
442 4094 595 4154 caballum
623 4093 757 4154 alienum
784 4091 959 4172 plagauerit
979 4075 1033 4151 aut
1054 4089 1193 4171 aliquam

96 4195 246 4258 lesionem
267 4195 383 4270 fecerit,
406 4203 478 4257 tunc
493 4193 638 4257 dominus
662 4193 742 4256 illius
758 4192 869 4255 caualli
883 4192 1022 4267 retradat
1037 4191 1191 4254 cauallum
