2574 4710
285 352 451 419 EDICTVS
473 355 650 419 ROTHARI
673 355 754 419 CAP.
776 359 912 426 35-41.
1113 364 1176 429 19·

56 539 220 602 ordinatus
242 540 334 603 luerit
355 549 537 622 erogantur,
568 542 650 604 etin
672 562 762 606 sacro
786 543 896 606 altario
912 554 1077 626 ponantur,
1100 547 1152 608 ubi

10 704 15 747 t
55 642 168 703 iniuria
189 643 272 704 lacta
294 651 350 706 est.

10 788 17 951 Ι
140 782 192 845 36.
237 780 269 842 δί
292 781 360 862 quis
381 781 462 844 intra
483 782 631 863 palatium
654 782 750 865 regis,
772 786 823 846 ubi
846 806 902 848 rex
923 805 1071 868 praesens
1095 796 1151 861 est,

59 881 240 944 scandalum
268 893 433 964 penetrare
463 885 727 967 praesumpserit,
757 888 880 950 animae
915 909 989 951 suae
1016 890 1152 952 incurrat

58 984 243 1065 periculum,
274 995 327 1049 aut
355 989 487 1050 redimat
515 987 620 1050 anima
649 1008 721 1063 sua,
752 990 778 1052 si
801 999 949 1071 optcnere
976 993 1151 1072 potuerita

56 1107 138 1168 rege.

10 1250 13 1285 Ι
140 1200 192 1274 3'7.
243 1208 274 1272 Si
303 1211 371 1292 quis
400 1211 480 1273 liber
506 1211 604 1274 homo
633 1210 663 1274 in
693 1213 804 1273 eadem
832 1209 985 1274 ciuitatem
1014 1210 1066 1274 ubi
1095 1233 1151 1274 rex

56 1327 207 1390 praesens
220 1320 276 1380 est,
287 1321 341 1375 aut
350 1319 422 1375 tunc
432 1314 586 1376 inuenitur
596 1334 674 1389 cssc,
687 1311 868 1376 scandalum
878 1322 1043 1395 penetrare
1054 1334 1151 1396 prae-

58 1414 235 1493 sumpserit,
257 1414 288 1475 id
311 1423 359 1478 est
381 1417 405 1479 si
428 1417 601 1478 incitauerit
622 1426 653 1478 et
673 1437 736 1479 non
758 1418 955 1497 percusserit,
978 1417 1018 1480 sit
1040 1417 1151 1498 culpa-

57 1515 136 1578 biles
159 1515 277 1578 solidos
299 1519 462 1580 duodicem
485 1519 515 1579 in
536 1519 685 1599 palatium
707 1519 797 1600 regis.
840 1520 918 1582 Nam
941 1521 967 1583 si
988 1521 1152 1601 perfecerit

63 1624 95 1678 et
114 1620 308 1698 percusserit,
331 1621 370 1683 sit
391 1620 558 1702 culpabiles
580 1622 611 1682 in
632 1621 781 1702 palatium
802 1623 882 1704 regis
905 1623 1023 1686 solidos
1046 1623 1152 1704 uiginti

60 1727 92 1781 et
115 1728 274 1801 quattuor3
297 1731 427 1803 excepto
448 1723 557 1804 plagas
574 1733 626 1785 aut
639 1724 746 1786 feritas
768 1724 794 1787 si
815 1725 931 1799 fecerit,
954 1726 1032 1788 sicut
1046 1728 1152 1788 subter

58 1823 142 1908 [cap.
163 1827 241 1892 43..
255 1825 341 1910 .l28]
365 1827 520 1886 adnexum
543 1835 590 1889 ost
611 1833 776 1908 conponat.

141 1965 193 2030 38.
238 1963 269 2025 Si
297 1985 406 2027 seruus
434 1965 464 2026 in
499 1967 610 2027 eadem
642 1966 810 2038 ciuitatem,
838 1966 868 2026 in
902 1985 964 2047 qua
998 1985 1054 2026 rex
1080 1972 1153 2026 tunc

55 2065 212 2129 inuenitur
227 2079 307 2140 esse,
329 2067 509 2129 scandalum
530 2067 711 2140 incitauerit,
734 2067 772 2129 sit
794 2067 960 2147 culpabiles
983 2069 1013 2128 in
1036 2067 1152 2147 palatio

56 2166 141 2247 regis
170 2167 288 2231 solidos
315 2188 379 2230 sex.
422 2170 461 2230 Et
482 2169 507 2230 si
528 2170 732 2249 percusserit,
760 2168 799 2230 sit
820 2169 978 2249 culpabilis
1005 2169 1036 2229 in
1059 2169 1153 2248 pala-

56 2271 136 2356 tium
172 2269 292 2332 solidos
324 2271 503 2344 duodicem,
538 2280 667 2352 excepto
696 2270 802 2332 feritas
835 2278 888 2332 aut
920 2271 1152 2351 conpositiones

60 2364 233 2450 plagarum,
256 2372 334 2434 sicut
355 2373 386 2433 in
406 2372 468 2434 hoe
489 2373 621 2435 edictum
642 2372 760 2455 legitur.

144 2511 196 2577 39.
238 2511 270 2572 Si
291 2512 370 2573 liber
390 2511 487 2575 homo
508 2513 539 2574 in
563 2513 623 2575 alia
645 2512 799 2575 ciuitatem
821 2512 1001 2574 scandalum
1023 2510 1153 2572 incitare

56 2611 321 2693 praesumpserit,
351 2623 382 2676 ct
407 2635 470 2676 non
498 2616 697 2696 percusserit,
728 2616 767 2678 sit
788 2615 955 2695 culpabiles
981 2614 1013 2674 in
1036 2613 1153 2693 palatio

55 2714 140 2796 regis
168 2714 287 2778 solidos
313 2738 379 2784 sex.
428 2718 459 2779 Si
482 2725 585 2779 autem
612 2716 799 2799 percusserit
826 2725 878 2779 aut
904 2717 1092 2798 plagauerit,
1116 2716 1155 2777 sit

57 2817 230 2898 culpabiles
252 2819 283 2880 in
306 2819 454 2900 palatium
475 2821 556 2902 regis
579 2822 697 2884 solidos
720 2819 897 2881 duodicem:
921 2826 1050 2899 excepto
1074 2838 1154 2879 con-

55 2921 248 3000 positionem
262 2922 424 3002 plagarum
441 2930 493 2984 aut
506 2923 612 2985 feritas
629 2923 654 2986 si
668 2922 784 2997 fecerit,
807 2922 884 2985 sicut
897 2923 928 2984 in
943 2921 1005 2983 hoc
1020 2920 1153 2982 edictum

55 3023 173 3105 legitur
194 3032 360 3105 conponat.

143 3165 196 3228 40.
240 3161 271 3224 Si
293 3183 402 3226 seruus
429 3165 460 3225 in
489 3165 548 3225 alia
578 3164 732 3226 ciuitatem
760 3161 941 3225 scandalum
965 3161 1153 3232 conmiserit‚

56 3265 98 3327 sit
121 3263 289 3345 culpabiles
311 3266 342 3327 in
363 3267 512 3348 palatium
527 3267 608 3346 regis
631 3265 747 3328 solidos
769 3273 850 3339 tres;
873 3263 898 3326 si
921 3271 1022 3325 autem
1045 3263 1153 3342 plagas

56 3374 112 3429 aut
126 3365 233 3429 feritas
248 3366 364 3441 lecerit,
386 3368 425 3430 sit
440 3368 607 3449 culpabiles
623 3368 654 3428 in
676 3366 823 3447 palatium
839 3366 920 3446 regis
945 3365 1063 3426 solidos
1089 3383 1153 3434 sex,

57 3477 191 3550 excepto
214 3469 322 3550 plagas
345 3477 398 3531 aut
418 3471 525 3532 feritas
539 3470 596 3531 'cui
617 3467 724 3531 lecerit
747 3476 913 3549 conponat.

144 3610 196 3674 41.
238 3608 285 3668 De
306 3607 433 3670 homine
453 3607 551 3670 libero
573 3611 703 3672 battuto.
752 3606 783 3667 Si
806 3606 874 3686 quis
902 3605 1029 3666 bomine
1057 3605 1156 3666 libero

56 3708 221 3772 insidiatus
242 3709 336 3771 fuerit
350 3730 419 3771 cum
441 3711 552 3773 uirtute
575 3719 627 3772 aut
648 3710 769 3782 solatio,
792 3710 909 3771 uedens
932 3723 1002 3769 cum
1025 3709 1157 3788 inpara-

58 3818 124 3873 tum
146 3812 336 3893 simpleciter
357 3812 568 3874 ambolantem
595 3821 649 3874 aut
677 3819 819 3884 stantem,
843 3811 943 3872 subito
967 3830 1061 3891 super
1084 3830 1153 3871 eum

61 3915 242 3989 adueniens,
266 3923 297 3977 ct
317 3917 447 3996 turpiter
469 3936 539 3976 cum
561 3914 694 3975 tenuerit
716 3921 746 3975 et
767 3916 913 3976 battucn't
935 3914 1000 3976 sinc
1021 3913 1157 3974 iussione

47 4016 158 4098 regis,
187 4019 385 4080 medietatem
407 4018 497 4099 pretii
525 4017 622 4096 ipsius
646 4017 729 4078 acsi
753 4036 822 4078 cum
852 4017 1007 4078 occidissit
1028 4016 1055 4074 ci
1078 4034 1158 4074 con-

59 4128 175 4199 ponat,
205 4140 244 4182 eo
268 4122 352 4202 quod
373 4121 405 4182 in
425 4129 516 4201 turpe
538 4126 568 4181 et
588 4119 619 4179 in
650 4119 844 4182 dorisiculum
867 4119 963 4200 ipsius
987 4136 1056 4177 cum
1079 4116 1159 4177 male

60 4224 216 4285 &notauit-

926 4323 964 4386 2*
