2574 4710
95 326 154 389 196
215 290 216 294 '
378 321 502 382 uncus
525 319 894 383 nunconlnnonvn.

92 507 132 568 vt
164 504 303 585 singulae
336 504 486 566 ecclesiae
522 525 613 567 suum
648 504 816 584 primatum
851 504 990 566 habeant
1025 486 1181 582 integrum,

91 608 170 670 sicut
196 626 320 687 semper
348 606 525 668 habuerunt
545 608 577 667 in
600 607 685 668 omni
706 607 776 669 loco
801 607 1079 687 quemammodum
1102 605 1183 666 decet

93 728 221 771 causam
251 710 315 784 dei;
346 709 480 789 exceptis
512 709 668 770 canonicis
699 709 830 771 abbatiis
860 728 940 790 quae
970 710 1010 769 ad
1041 706 1182 788 palatium

93 811 263 891 pertinent3
290 830 364 872 nam
387 811 581 872 abbatiarum
603 830 664 882 res,
688 829 769 891 quae
790 811 830 871 ad
852 810 1003 890 palatium
1026 809 1182 889 pertinent,

92 913 123 973 in
139 913 223 974 cuius
240 912 391 974 diuisione
405 913 493 992 ipsae
508 932 559 974 res
578 912 727 984 uenerint,
750 912 801 973 ille
824 931 878 974 eas
899 913 1026 983 habeat,
1051 912 1081 974 in
1105 910 1181 971 cuius

92 1014 184 1075 luerit
204 1024 303 1094 parte.

176 1148 205 1209 5.
249 1143 288 1204 Et
318 1163 427 1207 omnes
461 1143 607 1206 monachi
639 1150 669 1204 et
701 1144 876 1205 monachae
909 1145 1042 1205 redeant
1070 1143 1102 1202 in
1134 1161 1182 1203 sua

93 1247 285 1308 monasteria
307 1246 360 1307 ubi
381 1246 466 1326 prius
488 1246 717 1317 habitauerunt‚
741 1254 775 1307 ut
795 1246 936 1307 habitent
950 1253 981 1307 et
1002 1244 1135 1305 militent
1149 1243 1183 1303 ibi

93 1349 153 1409 deo
176 1350 232 1410 sub
256 1348 435 1428 magisterio
458 1348 521 1408 illic
541 1348 844 1428 praeordinatorum,
868 1348 946 1409 sicut
966 1346 1047 1408 ratio
1065 1353 1096 1408 et
1113 1364 1183 1405 con-

92 1450 224 1511 suetudo
248 1457 308 1512 est:
333 1449 469 1529 exceptis
491 1448 558 1521 illis,
584 1449 634 1528 qui
657 1469 714 1527 per
737 1449 880 1509 uirtutem
903 1438 1036 1510 aliorum
1058 1446 1120 1506 illic
1138 1447 1184 1506 in-

93 1552 244 1612 troierunt
259 1558 320 1641 'aut
340 1551 370 1610 in
393 1550 509 1630 palatio
533 1551 680 1614 seruiunt.

177 1673 206 1734 6.
250 1670 398 1750 Episcopi
426 1678 546 1742 autem,
583 1679 613 1732 et
648 1688 756 1731 omnes
787 1669 888 1730 clerici
920 1670 958 1729 de
993 1687 1183 1750 quocumque

92 1772 191 1852 gradu
214 1772 375 1833 clericatus
391 1772 441 1832 uel
456 1772 523 1833 sine
545 1773 653 1852 gradu,
676 1772 807 1832 redeant
823 1772 862 1832 ad
885 1790 959 1834 snos
982 1771 1183 1851 episcopatus,

93 1873 313 1954 cuiuscumque
336 1874 468 1935 diocesis
490 1874 618 1947 fuerint;
641 1881 672 1934 et
690 1873 717 1934 si
738 1873 840 1933 redire
862 1873 1027 1944 noluerint,
1051 1879 1083 1932 et
1105 1872 1183 1933 nobis

93 1975 251 2055 cognitum
272 1975 378 2049 fuerit,
408 1978 528 2055 absque
551 1974 636 2035 omni
657 1974 771 2035 iniusta
794 1974 941 2036 dilatione
963 1973 1115 2034 faciemus
1137 1992 1183 2034 eos

92 2076 196 2136 redire
217 2078 340 2146 inuitos,
363 2084 396 2137 ut
418 2077 479 2138 sint
495 2078 551 2137 sub
574 2083 730 2154 potestate
752 2061 1048 2156 praeordinatorum
1064 2075 1097 2135 in
1119 2074 1183 2154 ipsis

94 2177 339 2257 episcopatibus,
370 2186 401 2239 et
427 2178 581 2249 habitent,
613 2179 690 2239 sicut
712 2178 754 2238 illi
777 2197 832 2239 eos
855 2180 934 2239 iuste
963 2176 1183 2238 constituerint:

96 2279 231 2358 exceptis
255 2280 371 2340 clericis
396 2280 497 2359 quiin
519 2280 637 2358 palatio
661 2280 808 2351 seruiunt,
835 2278 940 2358 etqui
962 2297 1018 2358 per
1041 2278 1105 2339 uim
1128 2278 1185 2337 cle-

94 2381 182 2442 ridati
203 2381 336 2441 fuerunt.

180 2502 209 2562 7.
253 2499 398 2560 Similiter
426 2499 483 2560 fiat
508 2508 542 2561 et
571 2503 609 2560 de
638 2498 754 2561 clericis
788 2500 980 2578 singulorum
1015 2492 1187 2567 abbatuum,

95 2600 232 2680 exceptis
261 2601 319 2662 illis
349 2601 480 2673 clericis,
513 2603 565 2681 qui
593 2602 624 2661 in
655 2605 748 2662 rebus
777 2603 945 2663 abbatuum
975 2602 1016 2661 ad
1045 2599 1188 2681 palatium

95 2702 312 2781 pertinentium
337 2712 514 2777 morantur;
538 2703 590 2783 qui
605 2702 707 2762 clerici
721 2703 752 2762 in
768 2702 848 2764 illius
864 2711 954 2782 parte
969 2703 1040 2775 sint,
1063 2703 1095 2762 iu
1112 2702 1187 2761 cuius

96 2811 181 2865 sorte
203 2804 273 2883 ipsa
295 2823 345 2864 res
369 2814 531 2867 uenerunt.
1007 2798 1010 2806 ’

180 2923 209 2985 8.
253 2921 291 2980 Et
319 2921 470 2983 dimittam
500 2942 608 2985 omnes
635 2923 778 2985 homines
807 2933 932 2985 uestrae
960 2923 1124 3002 potestatis
1150 2922 1190 2982 irc

97 3023 136 3083 ad
164 3023 377 3083 uenerabilem
405 3025 567 3086 ecclesiam
595 3025 677 3086 beati
712 3023 889 3104 archangeli
917 3025 1076 3087 michaelis
1110 3032 1190 3097 recto

95 3125 219 3197 itinere,
248 3144 305 3203 per
336 3127 420 3205 quod
447 3127 638 3206 temporibus
669 3134 904 3188 antecessorum
926 3134 1104 3189 uestrorum
1125 3127 1190 3187 illuc

96 3226 216 3286 iebatur
232 3227 298 3287 sine
322 3227 405 3287 omni
426 3229 645 3288 contrarietate
664 3229 714 3287 uel
737 3228 925 3288 damnietate
948 3236 1042 3307 atque
1066 3237 1191 3290 contra-

98 3327 230 3388 dictione
254 3348 323 3388 mea
340 3338 370 3390 et
392 3331 530 3390 omnium
552 3329 713 3390 hominum
737 3329 833 3409 quiin
858 3348 927 3389 mea
949 3337 1033 3390 terra
1055 3329 1191 3390 habitent

97 3429 147 3489 uel
174 3429 384 3491 habitauerint
414 3452 463 3490 me
491 3431 627 3507 uiuente,
657 3411 691 3492 ut
718 3431 795 3492 salui
823 3432 940 3492 uadant
967 3440 999 3492 et
1025 3434 1192 3493 redeanta

97 3538 205 3591 nostra
227 3540 316 3610 parte
338 3552 394 3612 per
417 3551 519 3593 meam
542 3532 742 3604 uoluntatem,
770 3541 899 3613 excepto
922 3533 1035 3594 indicio
1059 3533 1172 3598 diuino.

182 3654 212 3716 9.
254 3650 289 3709 ln
311 3661 399 3730 parte
424 3660 527 3713 uestra
550 3671 683 3730 quorum
705 3672 818 3731 supra,
847 3653 990 3733 siginulfo
1012 3653 1143 3732 principi
1165 3659 1193 3712 et

99 3750 150 3830 qui
172 3759 245 3830 post
267 3753 338 3813 dicti
366 3754 454 3826 estis,
485 3754 545 3815 sint
566 3754 626 3815 ista
648 3755 823 3834 gastaldata
846 3762 876 3814 et
897 3756 967 3814 loca
989 3754 1019 3813 in
1041 3738 1192 3834 integrum

98 3871 168 3911 cum
200 3853 343 3914 omnibus
372 3854 600 3916 habitatoribus
624 3856 702 3926 suis,
735 3857 869 3935 exceptis
894 3856 992 3917 seruis
1016 3864 1046 3916 et
1068 3855 1192 3927 ancillis,

99 3955 152 4033 qui
184 3955 274 4016 nobis
308 3963 338 4016 et
370 3957 485 4018 nostris
519 3954 698 4018 hominibus
734 3958 905 4037 pertinent;
943 3965 974 4018 et
1005 3958 1031 4018 si
1063 3958 1095 4017 in
1127 3957 1191 4018 istis

99 4057 323 4135 gastaldatibus
355 4077 390 4118 ac
423 4058 498 4120 locis
533 4059 708 4138 subscripta
741 4068 813 4120 sunt
846 4060 950 4138 aliqua
983 4059 1110 4122 castella
1142 4058 1192 4119 ubi

68 4171 71 4175 ·
98 4158 198 4219 nostri
219 4157 361 4220 homines
383 4159 535 4233 habitant,
559 4153 617 4241 ego
633 4181 690 4223 uos
705 4161 748 4221 ibi
764 4162 882 4223 mittam
902 4162 968 4223 sine
990 4159 1192 4222 irrationabili
