2574 4710
182 107 419 171 nrvmmnoi
440 110 565 171 anons
587 110 682 170 anni
703 110 758 175 ni.
779 82 863 176 car.
886 114 937 175 21.
960 113 1033 182 22..
1109 113 1150 178 95

56 292 191 353 dendum
220 292 352 357 liberum
382 295 543 356 hominem
566 294 728 367 occiderit,
758 301 789 357 et
815 294 841 357 si
862 301 1029 376 pronatum
1051 294 1152 370 fucrit,

55 396 141 476 qnod
170 414 207 458 se
233 394 464 457 defendendum
495 398 598 476 ipsum
624 387 783 459 hominem
806 396 979 469 occisessit,
1010 397 1054 458 sic
1080 417 1152 458 eum

54 505 227 577 conponat,
251 498 329 559 sicut
348 499 380 559 in
404 498 559 561 anteriore
582 499 704 560 edicto¹
734 499 885 572 contenit,
910 499 994 579 qnod
1017 499 1152 579 gloriose

54 598 207 661 memorie
227 600 348 661 rothari
369 619 426 661 rex
446 600 551 663 facere
573 602 657 663 uisus
681 609 738 665 est.
772 602 850 662 Nam
867 602 919 681 qui
941 621 1035 681 super
1058 601 1152 662 alium

54 701 284 776 ambolauerit,
318 709 348 762 et
380 702 424 763 sic
457 721 527 764 eum
556 722 614 783 pro
645 722 840 783 quacumque
873 722 967 764 causa
1000 703 1153 776 occiserit,

54 823 182 866 omnem
206 804 411 866 substantiam
435 823 525 867 suam
548 804 675 877 amittat,
698 812 729 866 et
750 803 888 865 habeant
909 805 1034 866 heredis
1056 805 1152 885 ipsius

55 907 107 988 qui
132 906 255 967 occisus
279 905 423 967 fueritin
444 906 506 966 hoc
528 905 647 967 ordine.
679 905 725 967 lta
748 925 833 979 sane,
857 913 890 966 nt
905 907 930 968 si
946 906 1046 968 minus
1061 906 1154 967 fuerit
1180 919 1183 926 ’

52 1009 122 1089 ipsa
150 1007 325 1070 substantia
353 1005 546 1081 homicidae,
585 1027 680 1087 quam
708 1007 845 1069 anterior
874 1008 1048 1088 conpositio
1077 1017 1152 1074 erat.

56 1118 110 1172 aut
130 1109 192 1171 nisi
215 1117 351 1178 tantum,
379 1115 451 1169 tunc
474 1116 504 1169 et
525 1128 576 1171 res
605 1128 677 1171 suas
708 1111 819 1189 perdat
849 1110 918 1189 ipsc
943 1110 1100 1171 homicida
1123 1119 1155 1173 et

55 1230 195 1294 persona
229 1209 293 1272 eius
330 1210 472 1272 tradatur
505 1211 545 1271 ad
578 1212 773 1291 propinquos
806 1212 950 1274 defuncti.
1015 1212 1094 1272 Nam
1127 1212 1154 1274 si

58 1313 191 1393 amplius
213 1312 361 1374 habuerit
380 1312 448 1392 ipse
477 1312 634 1374 homicida
656 1314 843 1388 substantia,
867 1333 960 1394 quam
982 1314 1051 1394 ipsa
1074 1333 1155 1374 con-

54 1415 170 1498 positio
200 1415 339 1476 anterior
366 1422 448 1487 erat,
478 1415 598 1476 amittat
623 1434 733 1476 omnes
758 1435 809 1476 res
843 1435 916 1478 suas
946 1424 977 1477 et
1005 1416 1156 1496 accipiant

41 1516 183 1579 -heredis
205 1517 304 1596 ipsius
329 1515 381 1597 qui
402 1516 520 1578 occisus
550 1517 656 1590 fuerit,
688 1517 719 1578 in
743 1526 835 1579 antea
858 1525 977 1579 tantum
1007 1527 1156 1599 quantum

56 1619 235 1700 conpositio
266 1618 393 1697 antiqua
427 1617 500 1693 fuit;
541 1625 571 1678 et
603 1619 687 1698 quod
721 1619 922 1698 superfuerit,
956 1621 1155 1683 medietatem

54 1725 175 1787 habeat
196 1721 291 1784 curtis
312 1721 412 1801 regia,
436 1727 468 1781 et
489 1721 688 1782 medietatem
709 1720 835 1782 heredis
859 1721 1010 1797 defuncti3
1038 1723 1156 1802 etipse

53 1825 216 1889 homicida
237 1824 375 1885 animam
397 1841 486 1885 suam
507 1822 618 1883 liherit.

143 1924 267 1992 21.111.
313 1925 345 1987 Si
367 1943 477 1987 seruus
501 1942 570 1984 cum
599 1923 760 1983 uolontate
783 1922 898 1983 domini
927 1924 974 1984 sui
996 1925 1156 1986 hominem

56 2030 191 2092 liberum
212 2027 373 2099 occiserit,
397 2034 428 2088 ct
449 2025 492 2087 sic
512 2028 680 2104 probatum
700 2023 805 2096 fuerit,
828 2033 901 2086 tunc
922 2025 991 2104 ipse
1013 2027 1157 2090 dominus

64 2131 129 2193 eius
166 2149 278 2192 omnes
315 2147 366 2190 res
404 2145 477 2190 suas
512 2127 632 2188 amittat
664 2127 695 2187 in
728 2144 766 2186 eo
807 2125 918 2186 ordine
951 2128 1029 2190 sicut
1060 2150 1156 2210 supra

62 2232 219 2294 adnexum
241 2240 297 2293 est.
333 2230 373 2291 Et
393 2229 420 2291 si
441 2227 585 2290 dominus
608 2228 673 2290 eins
695 2228 864 2308 negauerit‚
889 2230 973 2309 qnod
988 2249 1045 2310 per
1060 2231 1157 2311 ipsius

59 2333 226 2398 consitium
250 2333 365 2394 factum
391 2351 455 2392 non
477 2330 593 2407 fuissit,
624 2328 768 2410 purificet
795 2349 830 2392 se
860 2331 899 2392 ad
927 2331 1028 2412 legem
1056 2333 1106 2393 dei
1128 2340 1161 2394 et

59 2444 224 2517 conponat
248 2437 351 2516 ipsum
379 2442 553 2504 mortuum,
583 2431 662 2495 sicut
688 2439 779 2493 antea
808 2433 865 2494 fuit
892 2435 1095 2511 consuitudo;
1129 2442 1160 2496 et

58 2541 191 2619 insuper
218 2538 320 2617 ipsum
348 2555 474 2598 seruum
502 2536 606 2597 tradat
635 2535 666 2595 in
695 2553 803 2597 manus
828 2536 867 2595 de
893 2538 1075 2615 parentibus
1099 2537 1161 2596 de-

57 2641 167 2706 functi.
1204 2719 1205 2722 Ἴ

148 2745 199 2808 22.
223 2742 273 2804 IV.
319 2741 349 2802 Si
373 2738 483 2800 mulier
504 2757 555 2799 res
584 2757 657 2799 suas
680 2739 893 2801 consentiente
915 2740 984 2801 uiro
1009 2761 1084 2811 suo,
1108 2745 1161 2800 ant

61 2844 271 2908 communiter
293 2843 472 2904 uennndare
494 2838 636 2911 uoluerit,
658 2839 726 2918 ipse
748 2840 801 2918 qui
823 2859 927 2901 emere
950 2842 1023 2916 uult,
1045 2841 1096 2902 uel
1117 2840 1161 2900 illi

47 2946 119 3028 -qui
139 2946 281 3018 uindunt,
302 2944 417 3006 faciant
430 2942 582 3005 noditiam
604 2942 644 3002 ad
660 2942 741 3004 duos
756 2941 806 3004 uel
821 2949 884 3003 tres
899 2951 1047 3023 parentes
1062 2941 1161 3020 ipsius

49 3047 214 3122 mulieris,
236 3047 288 3127 qui
309 3045 549 3127 propinquiores
572 3050 652 3105 sunt.
684 3043 724 3104 Et
745 3043 771 3105 si
791 3042 822 3102 in
844 3043 1002 3122 presentia
1025 3042 1162 3121 deipsis

48 3149 248 3232 parentibus
271 3149 334 3211 suis
358 3148 468 3209 mulier
488 3145 541 3206 illa
568 3144 731 3206 uiolentius
755 3144 876 3224 aliquas
899 3163 933 3206 se
955 3143 1067 3205 dixerit
1086 3144 1163 3224 pati,

50 3271 129 3315 nou
164 3251 204 3314 sit
236 3250 379 3313 stabilem
413 3249 496 3328 qnod
529 3247 713 3312 uindederit.
772 3247 851 3308 Nam
884 3246 909 3308 si
941 3245 972 3305 in
1005 3245 1163 3325 presentia

62 3362 253 3436 parentnum
283 3371 428 3427 suorum,
458 3350 507 3410 uel
528 3349 621 3410 iudici
644 3350 695 3430 qui
717 3349 749 3410 in
771 3349 842 3410 loco
864 3348 972 3422 fuerit,
998 3347 1163 3410 uiolentius
1229 3403 1233 3410 .

64 3475 102 3520 se
122 3455 189 3536 pati
214 3473 279 3515 non
305 3452 536 3530 reclamauerit,
572 3453 632 3515 nisi
663 3453 823 3514 uolontate
850 3470 908 3512 sua
937 3451 1023 3530 ipsas
1050 3469 1101 3511 res
1129 3468 1164 3511 se

52 3557 181 3620 dixerit
207 3556 402 3629 uenundarc,
430 3562 501 3616 tnnc
536 3557 575 3616 ab
602 3555 655 3616 illo
687 3555 756 3615 diae
790 3553 875 3615 omni
908 3561 1050 3632 tempore
1080 3551 1164 3631 quod
1205 3623 1209 3630 ¹

67 3779 89 3854 ¹)
110 3781 186 3837 nott.
207 3778 252 3836 74.
272 3779 316 3836 75.
336 3778 391 3834 387
410 3783 434 3835 ia
454 3764 601 3848 conponere
620 3779 737 3848 indetur,
763 3779 807 3848 qai
828 3777 941 3832 notendo
961 3777 1042 3830 cltum
1061 3775 1165 3842 occidit,

66 3877 93 3928 t'a
110 3887 192 3944 acro,
218 3887 293 3944 quem
313 3888 343 3926 se
362 3871 534 3926 defendendo
554 3874 612 3940 quis
632 3871 735 3941 occidit,
756 3884 809 3923 non
828 3871 948 3938 componi
965 3867 1071 3921 tutetur
1089 3865 1168 3919 hott.

68 3962 115 4019 32.
135 3961 200 4018 28⁰.
219 3961 283 4016 323.
