2574 4710
275 347 489 412 rlcrronus
509 347 562 409 un
581 345 767 430 isumus,
790 367 818 414 a.
840 349 911 416 oea.
1072 351 1132 416 185

45 539 157 596 nostra
177 540 277 596 terras
298 534 365 597 illas
387 533 571 615 possederit,
594 553 613 595 a
633 533 757 614 triginta
778 542 902 595 autem1
917 533 975 622 sol.
995 535 1132 617 insuper,
1188 544 1192 556 ¹

44 636 126 698 iuret
147 655 220 717 pars
242 644 349 699 nostra
371 656 439 699 cum
462 657 518 699 sex
537 635 729 709 hominibus,
753 635 861 716 quales
883 655 941 698 uos
962 636 1131 711 uolueritis,

47 740 86 800 ad
111 746 219 801 sancta
239 738 289 799 dei
315 737 493 819 euangelia,
522 738 657 800 diceutes
679 744 713 799 ut
738 737 855 799 cartula
875 737 945 818 ipsa
966 759 1062 801 uerax
1083 739 1130 805 sit.

44 842 70 900 Α
99 841 225 922 triginta
253 860 329 902 uero
352 841 409 906 sol.
430 841 461 901 in
490 843 597 902 subtus
624 839 727 902 iurent
747 848 824 914 tres,
859 825 950 920 quale
970 861 1026 904 uos
1050 861 1131 922 que-

48 943 177 1020 sieritis;
206 950 237 1004 et
265 942 434 1023 destringat
458 949 547 1024 parte
573 949 680 1005 uestra
705 943 796 1004 nobis
824 941 909 1004 illum
937 942 1131 1005 uenditorem

44 1045 127 1109 iusta
148 1054 264 1108 textum
284 1045 381 1126 ipsius
403 1045 548 1111 cartulae.
591 1045 655 1107 Nos
676 1063 752 1105 uero
775 1063 899 1106 omnem
925 1045 1130 1125 compositio-

45 1167 118 1209 nem
139 1155 171 1209 et
195 1146 301 1228 legem
318 1156 348 1209 et
373 1146 521 1209 iustitiam
550 1166 631 1228 quae
650 1146 733 1227 parti
759 1154 892 1223 nostrae
914 1147 1018 1208 facere
1039 1148 1131 1210 debet

45 1258 154 1312 auctor
180 1250 245 1324 ille,
275 1250 426 1311 donamus
454 1248 558 1311 omnia
581 1268 619 1310 ea
639 1249 720 1329 parti
747 1249 842 1312 uestri
868 1249 1129 1330 langobardomm

43 1370 103 1432 per
115 1351 279 1432 launegilt²
294 1361 451 1432 receptum
467 1371 486 1413 a
500 1351 590 1413 uobis
605 1351 764 1432 exiguum3
786 1358 817 1414 et
836 1351 1009 1413 faciendum
1024 1351 1129 1414 omnia

44 1454 166 1526 exinde,
189 1474 269 1535 quae
290 1453 465 1518 uolueritis:
489 1461 519 1515 et
540 1460 648 1516 auctor
669 1453 720 1514 ille
742 1453 889 1516 defendat
908 1454 988 1534 parti
1001 1462 1129 1517 nostrae

46 1564 159 1618 terram
179 1557 265 1617 illam
287 1558 406 1636 absque
427 1555 512 1618 omni
533 1554 742 1636 requisitione.
859 1584 863 1591 ·

127 1663 156 1722 7.
198 1659 236 1719 Et
263 1657 289 1719 si
313 1677 387 1737 pars
412 1666 519 1722 nostra
545 1665 644 1720 terras
669 1657 738 1720 illas
770 1657 945 1738 possederit
971 1677 1028 1738 per
1057 1659 1127 1738 ipsa
1160 1707 1161 1711 ,

42 1759 162 1822 cartula
191 1744 222 1822 et
250 1766 391 1822 auctores
416 1775 479 1821 non
505 1760 657 1840 paruerit,
690 1766 721 1822 et
754 1759 868 1840 aliquid
901 1781 959 1823 uos
986 1781 1004 1822 a
1038 1769 1127 1842 parte

41 1870 149 1926 uestra
172 1861 282 1923 exinde
304 1861 486 1942 quesierint,
513 1864 727 1924 comberemus
753 1862 833 1942 parti
859 1871 983 1926 uestrae
1009 1864 1126 1926 cartula

38 1964 112 2045 ipsa
126 1983 195 2025 cnm
210 1983 265 2026 sex
285 1963 462 2028 homiuibus
484 1966 609 2038 nostris,
632 1964 740 2045 quales
754 1984 812 2026 nos
826 1963 917 2026 nobis
936 1965 1126 2053 quesieritis3

40 2073 74 2127 et
95 2065 180 2146 ipsas
201 2076 300 2129 terras
323 2062 494 2128 habeamus
517 2068 635 2146 absque
657 2066 740 2127 omni
760 2065 936 2128 intentione.

125 2169 155 2233 8.
198 2168 283 2230 Haec
310 2179 414 2232 autem
436 2168 539 2230 omnia
562 2167 779 2248 superscripta,
809 2167 940 2248 qualiter
960 2169 1125 2244 contiuent,

39 2270 72 2330 in
94 2280 244 2350 quantum
266 2271 375 2332 exinde
397 2269 574 2352 apparuerit
594 2289 650 2350 per
671 2269 784 2342 omnia,
805 2269 848 2331 ita
863 2270 951 2333 uobis
969 2262 1126 2334 obserua-

43 2372 157 2445 bimus,
190 2381 221 2434 et
246 2373 289 2434 ita
318 2374 481 2458 'uobiscum
512 2372 543 2432 in
576 2379 667 2434 antea
701 2371 891 2444 sedebimus,
924 2372 1011 2435 sleuti
1037 2375 1126 2436 sedet

44 2473 174 2537 domnus
197 2475 355 2555 gregorius
382 2475 468 2537 abius
498 2493 585 2537 meus
613 2473 788 2549 uobiscum,
816 2493 854 2534 ex
884 2494 944 2554 quo
973 2493 1041 2536 cum
1069 2475 1123 2537 illo
1230 2502 1233 2507 ·

41 2576 284 2656 suprascriptum
319 2577 532 2658 capitularium
563 2576 678 2638 lecistis
707 2594 726 2636 a
758 2577 894 2637 seeundo
927 2576 977 2638 die
1008 2577 1123 2640 mensis

38 2676 103 2739 iulii
122 2679 213 2739 indie.
238 2680 286 2744 14.
308 2680 456 2760 usquein
478 2679 596 2741 obitum
618 2679 698 2754 eius;
726 2679 809 2739 unde
824 2678 1032 2742 solummodo
1059 2699 1124 2741 no-

39 2781 124 2843 mina
153 2780 349 2843 mutabimus.
394 2781 481 2843 Haec
511 2782 615 2844 omnia
646 2781 735 2844 uobis
769 2781 1004 2845 obseruabimus
1036 2782 1123 2845 salua

39 2881 189 2944 fidelitate
209 2891 386 2945 sanctorum
406 2882 639 2962 imperatorum.
677 2884 769 2948 Dour.
789 2882 942 2945 iohannes
964 2884 1072 2946 consul
1093 2892 1124 2946 et

39 2985 119 3059 dux3
150 2985 309 3066 gregorius
336 2984 418 3046 thius
445 2984 524 3060 eius;
554 2984 726 3060 landolfus3
753 2985 912 3066 gregorius
934 2985 1015 3048 filius
1038 2987 1121 3052 dom.

37 3086 174 3147 Iohanni
223 3086 347 3167 Sergius
373 3085 455 3148 filius
480 3087 567 3155 dom.
598 3086 740 3167 aligerni,
773 3086 928 3166 aligernus
959 3086 1121 3162 iohannes,

39 3189 195 3250 caesarius
221 3188 390 3261 iohannes,
421 3187 539 3268 sergius
566 3188 738 3276 gregorius,
771 3187 930 3269 gregorius
958 3188 1120 3263 iohannes,

39 3290 197 3371 gregorius
219 3298 335 3370 petrus,
357 3289 518 3371 aligernus

40 3494 241 3590 [SICARDI
280 3494 506 3568 PRINCIPIS
544 3495 731 3568 PACTVIII
770 3495 866 3571 CVM
904 3494 1121 3569 NEAPOLI·

79 3614 218 3687 TANIS
245 3613 292 3685 IN
319 3613 673 3702 QVINQVENNIVM
698 3614 898 3711 FACWII,
927 3640 958 3687 a.
978 3617 1079 3712 836.]

59 3786 87 3851 1.
120 3785 167 3846 De
188 3785 330 3848 hostibus
346 3792 376 3846 et
397 3786 544 3879 scamaris
567 3785 618 3866 qui
639 3805 695 3866 per
716 3795 840 3850 nostros
856 3786 941 3850 ‘fines
955 3787 987 3848 in
1008 3789 1119 3852 uestris
1194 3778 1198 3817 ³
1222 3786 1226 3792 ’

119 3887 251 3950 transire
272 3888 435 3954 noluerint.

58 3991 88 4052 2.
121 3989 167 4049 De
193 3989 319 4062 collata,
349 3997 378 4051 et
405 3990 569 4070 pensione,
597 3996 628 4051 et
653 3997 687 4052 ut
713 3998 783 4052 ante
810 3991 919 4073 pignus
946 3998 1030 4055 stare
1056 4012 1118 4054 non

121 4091 269 4154 debeatis.

40 4211 59 4278 ¹)
78 4216 182 4282 corrr'qe
201 4215 292 4268 saltem
313 4213 362 4274 cfr.
384 4215 458 4270 nott.
477 4213 540 4269 359.
615 4213 635 4285 ²)
656 4215 704 4285 cfr.
724 4218 798 4272 uolt.
823 4215 882 4271 175.
