2574 4710
146 359 187 422 94
290 346 529 418 LIVTPRANDI
548 356 673 418 LEGES
695 355 789 416 ANNI
810 356 864 417 lx.
889 355 971 421 CAP.
997 357 1044 422 19.
1067 358 1117 422 20.

147 541 339 613 reminiscor,
363 541 511 620 quoniam
532 541 596 603 iam
617 541 649 602 in
673 542 835 621 superiore
857 540 948 602 edicti
969 558 1105 620 corpore
1120 541 1226 602 adicere

131 643 335 713 curauimus,
356 642 417 704 licit
438 644 470 703 iu
493 663 603 723 paruo,
624 652 729 704 tamen
750 643 781 702 in
796 642 1005 705 uoluminibus
1020 642 1128 714 tribus,
1148 641 1229 706 idest

133 746 178 807 'in
199 746 300 825 primo
322 745 354 804 in
378 745 485 824 quinto
507 745 538 804 in
568 746 683 806 octabu
711 745 797 825 regni
824 745 925 807 nostri
946 764 1049 817 anno,
1077 743 1230 805 indictione

147 848 312 909 undecima
329 847 557 927 quintadecima
579 856 610 907 et
632 847 732 919 tertia,
756 865 794 908 ea
810 864 892 926 quae
913 855 1000 908 recta
1023 854 1054 908 et
1075 847 1231 908 secundun

49 1031 52 1037 Δ
149 951 242 1011 deum
275 948 444 1028 tranquilla
476 949 568 1010 nobis
601 956 842 1028 conparuerunt.
901 947 989 1009 Nunc
1021 956 1126 1010 autem
1162 969 1232 1010 anuo

147 1052 234 1134 regni
256 1051 356 1113 nostri
378 1051 438 1112 deo
461 1057 647 1130 protegente
668 1069 768 1122 nono,
791 1050 861 1111 diae
883 1050 1091 1112 kalendarum
1112 1051 1235 1112 martia-

137 1154 232 1228 rum,
259 1153 428 1214 indictione
450 1158 578 1231 quarta,
601 1158 830 1230 pertractantes
859 1153 964 1214 omnia
993 1158 1023 1213 et
1051 1159 1234 1214 recurrentes
1282 1214 1284 1227 ,

148 1253 438 1336 antiquiorisedicti
452 1252 587 1333 capitula
608 1272 670 1314 una
686 1272 756 1314 cum
776 1253 928 1315 iudicibus
944 1261 975 1314 et
989 1254 1118 1334 reliquis
1133 1255 1237 1334 lango-
1282 1246 1284 1253 ’

133 1358 255 1420 ‘bardis
271 1355 416 1416 fidelibus
431 1354 556 1427 nostris,
578 1356 726 1417 iterantes
743 1354 780 1432 ¹in
797 1362 908 1435 quarto
924 1356 1082 1418 uolumine
1102 1356 1237 1436 supplere

149 1469 181 1523 et
206 1476 321 1539 augere
350 1457 557 1537 preuidimus,
588 1476 668 1536 quac
694 1457 784 1519 nobis
811 1457 897 1519 iuxta
923 1458 983 1519 deo
1012 1465 1099 1519 recta
1127 1476 1238 1537 conpa-

146 1568 284 1624 ruerunt.

234 1664 282 1727 19.
305 1660 327 1720 l.
370 1660 418 1720 De
440 1667 550 1735 aetate,
572 1660 603 1720 in
626 1661 748 1741 quantis
772 1662 861 1724 annis
884 1662 998 1722 debeat
1018 1680 1090 1724 esse
1112 1660 1241 1742 legitima

149 1772 247 1829 aetas.
290 1761 360 1823 Hoc
382 1761 610 1841 prospeximus,
633 1770 666 1823 ut
688 1763 769 1824 intra
791 1763 899 1824 decem
922 1771 953 1824 et
974 1771 1045 1826 octo
1069 1783 1171 1825 annos
1186 1783 1242 1824 non

148 1866 189 1929 sit
208 1863 362 1945 legitimus
393 1864 490 1925 homo
520 1882 571 1926 res
601 1883 673 1926 suas
702 1864 920 1942 alienandum3
951 1874 1084 1945 excepto
1112 1866 1139 1927 si
1160 1873 1244 1946 pater

147 1968 214 2028 cius
237 1966 374 2028 debitum
397 1965 563 2047 dimiserit,
591 1966 707 2027 habeat
732 1974 935 2046 potestatem,
962 1986 1025 2029 una
1047 1987 1119 2028 cum
1140 1967 1243 2028 notitia

146 2068 294 2150 principis
316 2076 420 2129 terrae
440 2067 528 2129 istius
552 2074 671 2129 tantum
694 2069 848 2130 derebus
872 2072 934 2132 suis
958 2071 1111 2144 dandum,
1145 2089 1245 2150 quan-

147 2181 215 2234 tum
240 2174 345 2251 ipsum
374 2169 511 2230 debitum
540 2169 644 2242 luerit,
674 2178 708 2230 ut
730 2170 759 2231 ei
788 2170 889 2233 maior
916 2172 1092 2234 damnietas
1119 2178 1246 2252 propter

135 2288 280 2336 'onorem
308 2272 500 2334 solidorum¹
529 2291 592 2332 uon
623 2272 793 2333 adcrescat.
842 2272 881 2334 Et
907 2274 974 2352 ipse
1003 2275 1168 2353 princeps,
1197 2273 1245 2353 qui

147 2396 208 2457 pro
231 2384 373 2454 tempore
394 2373 496 2446 luerit,
519 2381 649 2452 propter
664 2374 757 2435 deum
780 2384 811 2435 et
831 2374 956 2435 animae
979 2393 1055 2436 suae
1071 2375 1246 2436 mercedem

151 2477 263 2557 dirigat
283 2496 455 2556 personam
477 2477 572 2537 deum
594 2476 755 2537 timentem
778 2476 817 2534 de
839 2476 887 2538 sui
907 2477 1082 2555 presentia,
1114 2477 1166 2558 qui
1187 2477 1248 2538 hoc

147 2579 251 2658 ipsum
274 2578 431 2658 sapienter
453 2577 641 2650 consideret,
669 2584 702 2637 ut
732 2577 772 2637 ad
799 2577 901 2656 ipsum
928 2578 1113 2639 infantulum
1144 2578 1246 2659 aliqua

149 2679 322 2741 damnietas
346 2687 454 2740 contra
477 2681 631 2741 rationem
659 2687 712 2739 aut
733 2697 791 2758 per
812 2679 998 2759 negligentia
1020 2680 1147 2741 minime
1168 2699 1249 2760 pro·

148 2782 261 2843 ueniat.
298 2781 338 2842 Et
353 2781 385 2841 in
407 2780 615 2840 nonodecimo
639 2798 721 2841 anno
745 2781 785 2841 sit
806 2763 925 2842 homini
947 2782 1146 2862 langobardo
1168 2782 1250 2864 legi-

148 2883 223 2944 tima
250 2889 333 2956 ctas,
363 2890 394 2944 et
416 2882 635 2963 quodcumque
663 2881 770 2943 lecerit
798 2882 849 2942 uel
876 2883 1059 2946 indicauerit
1087 2885 1127 2945 de
1153 2887 1250 2947 rebus

149 2985 230 3061 suis,
258 2985 359 3046 stabili
393 2984 503 3045 ordine
532 2984 646 3045 debeat
674 3003 868 3063 permanere.
929 2985 968 3047 Et
994 2986 1056 3047 hcc
1083 2986 1251 3050 statuimus

149 3088 252 3167 adque
275 3086 455 3160 definimus,
479 3094 513 3147 ut
535 3087 560 3148 si
583 3087 765 3166 cuicumque
787 3096 860 3149 ante
881 3087 969 3166 ipsos
992 3088 1101 3148 decem
1124 3096 1155 3150 et
1177 3096 1252 3150 octo

149 3208 249 3251 annos
272 3189 410 3250 euenerit
439 3189 600 3268 egritudo,
629 3196 716 3250 etse
738 3189 851 3249 uiderit
881 3189 921 3250 ad
945 3190 1053 3252 mortis
1075 3190 1251 3270 periculum

148 3292 292 3367 tendere,
321 3291 439 3352 habeat
460 3289 615 3352 licentiam
638 3292 677 3352 de
698 3293 792 3353 rebus
821 3291 885 3353 suis
914 3311 973 3370 pro
997 3291 1135 3353 animam
1157 3311 1251 3356 suam

147 3395 180 3456 in
203 3393 317 3456 sanctis
339 3392 431 3473 locis,
460 3411 555 3454 causa
583 3393 721 3473 pictatis,
749 3393 800 3453 uel
821 3393 853 3453 in
881 3393 1071 3456 senodochio
1099 3394 1253 3468 iudicare,

151 3497 235 3577 quod
257 3496 409 3569 uoluerit;
438 3503 469 3556 et
491 3495 575 3574 quod
597 3495 778 3556 indicauerit
803 3514 861 3574 pro
885 3494 1022 3557 animam
1045 3514 1150 3572 suam,
1180 3504 1254 3559 sta-

149 3598 243 3669 bilem
265 3597 377 3658 deueat
397 3615 592 3676 permanere.

234 3697 344 3764 20.11.
387 3699 434 3758 De
455 3697 665 3765 homicidium.
713 3699 744 3759 Si
767 3699 835 3778 quis
857 3699 935 3760 liber
956 3699 1053 3762 horno
1077 3720 1112 3763 se
1135 3701 1254 3762 defen-

150 3937 171 4012 1)
191 3943 209 3994 i.
229 3953 252 3994 c.
273 3954 339 3993 onus
355 3937 493 4007 [oenotris
515 3943 654 4008 pecuniae.
692 3937 841 3994 Foonorem
868 3943 1005 4011 legendum
1024 3955 1083 3994 erce
1102 3943 1254 4008 crederent,

149 4034 204 4085 nist
220 4035 247 4084 io
266 4031 359 4086 clerte
378 4031 548 4084 ambrosiana
567 4047 592 4086 c.
611 4029 666 4084 748
689 4032 850 4100 (Fumcqolla'
865 4049 893 4102 p.
912 4032 965 4098 25)
990 4034 1117 4100 emptum
1141 4034 1252 4086 iuueni-

150 4127 239 4177 relur:
257 4120 314 4192 ipse
336 4121 433 4192 petiole
454 4122 533 4175 abeat
553 4139 601 4191 pro
622 4140 733 4176 onmem
756 4125 788 4176 de
802 4124 986 4195 suprascripto
1006 4121 1094 4178 solido
1114 4121 1265 4193 usquein·

70 4208 72 4213 ’
138 4212 328 4283 ‘prescriptum
349 4214 532 4267 constitutum.
