2586 4704
134 343 375 410 umatum
394 344 519 406 LEGES
539 344 634 406 ANNI
655 345 750 408 XVII.
770 344 852 408 CAP.
877 348 1048 415 tte-118.
1087 350 1146 416 129

45 536 172 614 postea
193 535 309 592 metam
331 547 462 610 querere
482 529 523 591 ad
543 529 712 591 heredibus
734 528 808 603 eius,
832 531 883 611 qui
905 532 1067 597 defunctus
1088 541 1145 610 est,

47 653 116 716 pro
140 651 180 694 eo
203 631 289 711 quod
308 631 505 714 neclegenter
525 632 592 694 sine
612 631 806 693 uoluntatem
831 640 996 712 parentum
1016 652 1147 701 suorum

48 736 98 797 ad
120 731 271 796 maritum
285 731 464 806 ambolauit,
486 751 544 794 nee
563 733 629 805 tuit,
652 733 704 815 qui
722 732 870 796 iustitiam
890 735 957 798 eins
972 739 1145 817 exquirere.

103 894 107 899 ·
147 873 216 938 115.
237 869 305 934 XII.
349 871 380 932 Si
395 870 465 951 quis
477 871 654 952 possederit
668 870 899 954 qualiscumque
918 891 986 933 rem
1000 874 1146 936 mouilem

53 981 111 1037 ant
138 970 322 1034 iumouilem
348 990 405 1052 per
433 973 583 1034 cartolam
609 973 739 1046 falsam,
762 981 793 1035 et
818 974 1024 1054 adpronatum
1044 975 1146 1051 inerit,

56 1076 143 1161 quod
164 1093 224 1156 per
243 1074 313 1154 ipso
336 1074 492 1136 monimen
512 1074 626 1137 salsum
651 1093 718 1135 rem
742 1074 841 1155 ipsam
869 1075 1059 1156 possederit,
1080 1096 1145 1138 non

54 1199 128 1240 eum
151 1176 302 1238 defendat
321 1177 480 1256 possessio
501 1196 574 1250 sna,
601 1175 664 1236 hoo
684 1183 733 1239 est
752 1177 875 1257 triginta
898 1195 1065 1250 annorum,
1087 1197 1145 1240 nee

55 1280 204 1342 excludat
223 1278 326 1351 illum,
348 1278 434 1340 cuius
457 1298 507 1340 res
528 1277 645 1358 legibus
667 1276 739 1350 suit,
761 1280 816 1341 sed
839 1278 960 1340 amittat
977 1279 1046 1359 ipsa
1067 1299 1143 1358 rem,
1167 1357 1173 1366 K

56 1402 153 1464 qnam
179 1399 239 1462 per
265 1378 382 1441 cartola
409 1379 489 1442 falsa
509 1380 710 1460 possederat;
740 1380 784 1442 sic
805 1388 924 1454 tamen,
946 1389 980 1442 ut
1001 1380 1143 1455 diximus,

46 1485 87 1546 si
103 1488 273 1564 pronatum
293 1481 403 1556 suerit;
433 1485 464 1542 'et
482 1480 535 1542 ille
556 1481 625 1561 ipsa
647 1500 713 1542 rem
733 1481 876 1562 recipiat,
903 1481 952 1543 cui
974 1490 1066 1545 antea
1086 1502 1144 1564 per

61 1586 133 1666 iege
148 1590 310 1665 pertenere
331 1583 489 1650 debuerat.

151 1722 214 1789 Iid.
232 1719 317 1786 XIII.
359 1720 390 1781 Si
416 1720 484 1801 quis
514 1721 749 1785 commntauerit
779 1729 896 1783 terram
931 1741 1056 1797 arnam,
1090 1731 1144 1786 ant

59 1831 183 1905 pratum
202 1822 256 1885 uel
277 1821 401 1896 siluam,
425 1830 455 1911 et
475 1823 549 1900 inibi
570 1823 759 1887 lahorauerit
779 1830 811 1884 et
832 1821 1005 1885 aedificium
1026 1825 1142 1900 iecerit,

26 1982 29 1989 .
57 1933 110 1987 ant
130 1925 278 1987 eiansura
300 1930 353 1984 aut
373 1923 463 1986 uinea
484 1925 638 2005 posuerit,
660 1933 692 1988 et
712 1934 824 2006 postea
845 1925 1014 1989 surrexerit
1035 1927 1142 1990 tertius

13 2100 16 2105 Ι
59 2026 152 2089 homo
174 2025 232 2108 qni
251 2025 353 2106 ipsum
378 2027 481 2088 Iocum
508 2045 598 2089 suum
622 2026 730 2099 iaciat,
758 2034 789 2087 et
817 2044 887 2086 eum
912 2026 966 2087 ille.
985 2027 1037 2106 qui
1058 2028 1145 2091 dedit

10 2138 16 2211 ζ
62 2128 226 2191 defendere
253 2146 316 2188 uon
341 2129 491 2208 potuerit,
519 2127 646 2208 recipiat
671 2146 722 2189 res
750 2146 837 2200 suas,
868 2146 960 2207 quem
982 2128 1082 2203 dedit,
1112 2137 1144 2192 et
1205 2202 1208 2207 ,

10 2216 19 2239 ⁸
60 2231 184 2312 insuper
211 2229 263 2290 itte
290 2231 342 2312 qui
371 2233 455 2293 dedit
483 2237 514 2291 et
542 2228 675 2290 menime
701 2227 801 2309 potuit
827 2228 1007 2303 defendere,
1039 2231 1142 2311 ipsum

60 2333 208 2395 damnum
224 2330 252 2392 ei
266 2332 415 2414 restituat,
438 2339 586 2413 quantum
602 2329 792 2410 adpretiatus
807 2329 907 2402 fuerit,
929 2331 1013 2410 quod
1028 2331 1142 2393 ibidem

62 2441 167 2515 postea
194 2433 358 2496 ¹laborauit
390 2436 441 2496 uel
472 2432 643 2509 edificanit;
676 2433 731 2495 sed
766 2432 862 2493 etde
889 2434 1143 2512 conparationem

19 2518 35 2533 '⁵
63 2536 239 2608 statuimus,
266 2537 343 2598 sicut
370 2538 465 2599 etde
493 2536 742 2600 commutatione.
799 2533 867 2609 Hoc
895 2542 1000 2596 autem
1027 2536 1066 2596 de
1093 2535 1141 2599 his

30 2668 33 2675 ·
66 2639 159 2702 musis
182 2637 325 2712 dicimus,
347 2640 429 2701 unde
451 2639 602 2700 cartolam
624 2635 871 2699 commutationis
893 2643 947 2697 aut
967 2635 1143 2700 uinditiouis

44 2738 201 2802 'homenis
230 2739 311 2801 inter
339 2759 461 2801 senon
487 2741 617 2802 faciunt:
650 2758 723 2800 nam
751 2739 833 2827 unde
859 2739 1007 2825 cartolam
1029 2739 1145 2801 iaciunt

68 2849 94 2903 et
120 2842 340 2915 ostenduntur,
379 2844 424 2904 sic
456 2843 568 2905 deueat
592 2859 689 2923 resse,
721 2841 799 2903 sicut
831 2839 862 2900 in
891 2840 960 2921 ipsa
993 2841 1144 2904 cartolam
1220 2914 1223 2919 4

68 2934 176 3026 luatur.

398 3082 529 3162 Explicit
549 3083 588 3142 de
610 3100 692 3142 anno
715 3080 809 3142 XVII.

155 3364 297 3431 INCIPIT
316 3366 370 3428 DE
390 3364 498 3426 ANNO
520 3364 783 3426 NONODECIMO
806 3364 846 3450 (p.
871 3365 942 3428 Cirr.
965 3365 1045 3448 731).

141 3569 382 3651 superstitiosae
411 3578 443 3632 et
468 3588 569 3631 uanae
602 3568 815 3630 contentiones
848 3567 972 3629 assidue
1003 3546 1145 3629 nostram

69 3666 217 3752 inpulsare
239 3672 431 3733 clementiam
457 3691 520 3732 non
548 3680 679 3736 cessant.
726 3670 765 3730 Et
792 3669 866 3730 dum
895 3669 935 3730 ad
957 3671 1143 3733 resecandas

67 3768 242 3836 intentiones
268 3774 472 3854 inproborum
498 3780 605 3836 noster
630 3772 802 3834 intenderet
830 3770 964 3832 animus:
999 3773 1144 3854 quicquid
1253 3835 1259 3850 ‚

67 3875 173 3938 uostris
194 3875 344 3938 iudicibus
367 3877 417 3937 ueI
437 3875 563 3957 reliquis
585 3873 782 3957 langobardis
804 3880 888 3933 reeta
906 3882 1144 3953 conparuerunt,

55 3975 138 4041 sieut
160 3978 251 4040 etiam
260 4028 350 4045 .....
358 3978 476 4040 uicibus
499 3998 518 4040 a
538 3978 630 4040 nobis
652 3976 713 4039 alia
728 3982 842 4039 statuta
857 3982 935 4050 sunt,
956 3975 998 4037 ita
1021 3983 1147 4037 etnunc

35 4064 94 4139 ¹iu
116 4081 254 4161 presenti
280 4079 484 4142 nonodecimo
517 4099 600 4142 anno
626 4077 712 4159 regni
737 4077 836 4140 nostri
865 4076 913 4138 die
941 4077 1146 4140 kalendamm

65 4181 243 4246 martiamm
269 4181 435 4245 indictione
468 4179 701 4263 quartadecima
728 4180 870 4241 decidere
898 4188 929 4242 et
959 4179 1145 4250 confirmare

895 4283 915 4348 9
