2574 4710
244 357 479 420 nummum
500 331 625 424 Lucus
645 361 741 424 nuru
761 363 816 431 xr.
838 361 920 431 cnr.
941 364 1075 433 :ra-as.
1146 367 1203 433 101

111 543 165 606 uel
186 551 363 622 nascuntur,
384 543 418 607 id
440 552 489 608 est
508 546 548 606 de
569 546 712 609 matrinia
732 546 864 611 filiastra
884 548 935 610 uel
957 556 1097 631 cognata,
1121 553 1204 632 quod

112 655 163 710 est
185 664 266 708 uxor
285 646 390 709 fratris
412 655 466 708 aut
480 665 572 709 soror
593 649 709 722 uxoris,
732 649 804 730 quia
826 658 857 712 et
878 668 1013 713 canones
1029 652 1073 714 sic
1086 652 1205 715 habent

112 751 155 811 de
175 751 296 813 duabus
318 747 496 823 sororibus,
525 749 604 812 sicut
630 752 720 812 etde
749 751 869 815 duobus
898 752 1060 818 fratribus:
1091 755 1143 834 qui
1165 755 1205 815 de

109 853 175 914 tale
204 851 401 913 matrimonio
433 859 524 914 natus
552 851 658 928 luerit,
693 853 827 916 heredes
858 854 1011 936 legitimus
1037 856 1119 936 patri
1145 875 1204 918 suo

109 972 175 1014 nou
202 952 256 1028 sit,
287 951 346 1015 nisi
370 953 509 1016 habeant
536 954 621 1035 ipsas
648 973 699 1017 res
731 963 875 1034 parentes
894 957 1084 1038 .propinqui;
1118 966 1149 1019 et
1177 957 1205 1020 si

108 1063 257 1138 parentes
279 1055 443 1136 propinqui
463 1075 527 1117 non
547 1056 670 1130 fuerint,
693 1059 839 1136 succedat
860 1059 952 1122 curtis
973 1058 1070 1140 regia.
1108 1102 1111 1107 -

194 1155 334 1223 33.1111.
376 1157 445 1219 Hoc
466 1167 570 1220 autem
591 1159 651 1219 deo
679 1159 805 1220 iubente
833 1167 968 1223 statuere
994 1160 1203 1241 prouidemus,

109 1269 143 1322 ut
164 1260 282 1321 amodo
302 1259 404 1322 nullus
431 1259 529 1322 homo
558 1262 849 1342 presumattrelicta
876 1263 915 1322 de
941 1263 1127 1330 consubrino
1150 1270 1203 1324 aut

109 1361 271 1424 insobrino
298 1381 355 1423 suo
384 1380 516 1423 uxorem
543 1363 666 1424 ducere.
724 1362 754 1424 Si
782 1363 850 1443 quis
880 1371 983 1425 autem
1012 1364 1089 1437 hoc,
1117 1364 1202 1445 quod

108 1464 258 1526 inlicitum
279 1472 335 1537 est,
357 1464 471 1525 amodo
486 1464 590 1525 facere
604 1464 835 1544 presumpserit,
858 1466 978 1528 amittat
999 1466 1202 1530 substantiam

114 1582 208 1631 suam.
265 1565 305 1627 Et
326 1565 377 1646 qui
403 1566 443 1626 de
471 1565 533 1627 tale
561 1565 702 1646 coniugio
729 1568 885 1646 procreati
911 1568 1041 1641 luerint,
1075 1567 1202 1648 legitimi

108 1667 242 1728 heredes
256 1686 321 1728 non
336 1667 478 1740 existant,
500 1667 558 1730 nisi
579 1676 724 1747 parentes
740 1669 916 1749 propinqui.
948 1669 987 1732 Et
1008 1669 1034 1752 si
1055 1677 1200 1749 parentes

108 1767 276 1850 propinqui
302 1788 365 1830 non
392 1769 521 1845 fuerint,
556 1769 648 1832 curtis
677 1771 762 1852 regia
791 1771 945 1836 succedat.
1000 1771 1068 1832 lloc
1096 1777 1199 1832 autem

104 1871 177 1933 ideo
200 1869 383 1943 adfiximus,
406 1871 478 1951 quia
508 1871 567 1931 deo
594 1878 674 1934 teste
695 1883 798 1952 papa¹
829 1873 914 1935 urbis
941 1891 1065 1948 romae,
1095 1872 1200 1953 quiin

105 1972 191 2034 omni
215 1973 331 2033 mundo
361 1980 453 2052 caput
480 1973 679 2035 ecclesiarum
705 1974 754 2034 dei
781 1982 811 2037 et
840 1975 1038 2036 sacerdotum
1060 1982 1120 2047 est,
1143 1991 1200 2053 per

103 2093 197 2138 suam
219 2073 381 2155 epistolam
401 2094 460 2136 nos
482 2074 647 2149 adortauit,
669 2083 703 2137 ut
724 2076 785 2137 tale
807 2075 979 2156 coniugium
1001 2075 1071 2136 fieri
1092 2074 1198 2146 ιιιιΙΙα-Δ

102 2177 187 2238 tinus
209 2176 466 2256 permitteremus.

189 2279 240 2343 34.
263 2279 299 2342 V.
342 2277 417 2337 ltem
439 2277 501 2339 hoc
522 2296 682 2340 censemus
705 2279 807 2358 adque
821 2278 1017 2359 precipimus,
1039 2286 1073 2340 ut
1094 2278 1196 2342 nullus

109 2387 265 2459 presumat
287 2387 488 2440 commatrem
510 2397 599 2440 suam
621 2399 750 2441 uxorem
773 2381 900 2453 ducere,
929 2380 984 2441 scd
1009 2399 1067 2440 nee
1087 2378 1195 2456 filiam,

108 2499 201 2561 quam
229 2482 269 2541 de
298 2500 387 2543 sacro
416 2481 502 2543 fonte
529 2481 662 2558 leuauit;
691 2501 793 2562 neque
823 2481 906 2544 filius
940 2480 1004 2544 eius
1033 2491 1196 2563 presumat

103 2582 201 2647 filiam
221 2582 301 2644 illius
325 2602 453 2644 uxorem
476 2584 597 2658 ducere,
621 2583 672 2664 qui
694 2603 765 2644 eum
787 2584 826 2645 de
846 2584 933 2644 fonte
955 2583 1098 2663 suscepit,
1121 2583 1195 2665 quia

102 2684 271 2765 spiritualis
286 2684 424 2766 germani
440 2704 510 2747 esse
524 2694 702 2750 noscuntur.
734 2685 774 2747 Et
796 2685 848 2766 qui
868 2685 930 2746 hoc
952 2685 1068 2746 malum
1089 2685 1194 2747 lacere

100 2786 317 2867 temptauerit,
345 2787 458 2867 perdat
483 2806 608 2848 omnem
636 2786 840 2850 substantiam
861 2806 966 2860 suam,
997 2794 1028 2849 et
1055 2785 1111 2848 filii
1140 2787 1193 2868 qui

101 2890 142 2950 de
163 2889 279 2951 inlicito
301 2888 499 2951 matrimonio
526 2896 695 2951 nascuntur
715 2890 848 2951 heredes
870 2908 1025 2951 essenon
1049 2889 1192 2962 debeant,

98 2990 160 3052 nisi
181 2997 326 3070 parentes
348 2990 528 3071 propinqui;
552 2998 583 3051 et
604 2989 630 3051 si
651 2998 795 3069 parentes
810 2990 977 3071 propinqui
991 3009 1054 3051 uon
1068 2989 1190 3063 fuerint,

99 3093 195 3155 curtis
217 3092 303 3173 regia
324 3093 477 3154 succedat.
527 3091 584 3152 Ubi
606 3099 708 3151 autem
729 3090 845 3152 inuenti
866 3091 979 3153 fuerint
1001 3092 1052 3171 qui
1074 3112 1192 3173 supra-

99 3195 217 3274 scripta
237 3193 353 3255 inlicita
375 3193 516 3273 coniugia
538 3192 756 3269 contraxerint,
779 3193 818 3252 de
839 3192 976 3272 presenti
998 3201 1191 3272 separentur,

98 3305 129 3358 et
150 3314 274 3376 poenae
296 3296 526 3376 suprascriptae
547 3293 736 3356 subiaceant.

184 3399 234 3462 35.
256 3394 306 3461 Vl.
349 3397 380 3458 Si
407 3397 474 3477 quis
503 3396 569 3458 sine
601 3394 761 3457 uolontate
795 3394 876 3476 regis
910 3394 941 3455 in
970 3395 1187 3475 qualicumque

96 3501 254 3561 ciuitatem
288 3507 395 3560 eontra
430 3497 562 3558 iudicem
584 3518 684 3559 suum
722 3496 904 3558 seditionem
933 3495 1099 3568 leuaberit,
1134 3490 1189 3560 aot

95 3602 224 3682 aliquod
247 3600 362 3663 malum
382 3600 498 3672 fecerit,
519 3599 569 3660 uel
592 3618 662 3660 eum
684 3598 749 3661 sine
770 3598 907 3661 iussione
928 3598 1009 3679 regis
1031 3597 1188 3677 expellere

95 3703 259 3786 quesierit,
287 3710 340 3765 aut
361 3701 449 3764 alteri
470 3701 612 3762 homiues
636 3702 674 3761 de
696 3700 792 3762 altera
819 3700 940 3762 ciuitate
963 3706 1070 3761 contra
1093 3699 1185 3761 aliam

92 3806 252 3868 ciuitatem
279 3804 329 3866 uel
356 3803 449 3864 alium
475 3802 620 3877 iudicem,
651 3809 683 3864 ut
710 3823 818 3882 supra,
847 3802 913 3864 sine
940 3801 1077 3864 iussione
1103 3796 1185 3882 regis

91 3907 280 3972 seditionem
302 3904 443 3977 fecerint,
473 3913 525 3967 aut
554 3924 625 3965 eum
654 3905 807 3984 expellere
835 3904 900 3967 sine
921 3903 1003 3984 regis
1026 3903 1187 3966 uoluntate

90 4130 113 4198 1)
134 4133 193 4185 scit.
213 4129 369 4182 Zacharias.
396 4127 464 4182 Hinc
478 4127 635 4195 conticendo
650 4130 691 4179 est
704 4127 840 4194 inscriptio
857 4123 991 4180 erronea
1008 4125 1037 4178 0.
1047 4123 1083 4177 ³0
1102 4141 1145 4196 qu.
1156 4121 1184 4196 ³,

91 4235 162 4292 quoe
176 4224 204 4276 io
224 4221 301 4275 edilis
319 4219 409 4274 lacet:
427 4217 570 4272 Zacharias
589 4217 633 4272 uel
653 4215 811 4272 Deuadedit.
