2574 4710
103 370 143 432 74
352 366 572 430 GlllMVALDI
592 368 728 434 LEGES.
751 367 833 434 CAP.
859 369 948 435 1-3.

102 557 164 621 395
188 554 243 638 [7].
265 554 310 613 De
334 551 448 611 crimen
472 552 586 617 ononis.

103 676 164 741 396
188 672 240 758 [el.
263 673 294 733 Si
318 671 427 732 mulier
450 680 502 733 aut
531 672 635 750 puella
662 681 770 735 notum
801 673 946 736 habuerit
973 691 1178 754 quemcumque

185 776 324 837 habuere
346 792 486 838 onorem.

102 898 164 962 397
187 895 240 980 [9].
263 895 294 954 Si
317 895 429 956 ancilla
451 895 567 956 furtum
589 894 706 961 lecerit.

187 1121 215 1184 1.
258 1119 304 1177 De
332 1117 478 1198 trigenta·
496 1132 649 1176 annorum
682 1112 883 1195 usocapione.
943 1115 974 1176 Si
1007 1106 1183 1177 seruus'aut

102 1220 214 1283 ancilla
235 1240 292 1300 per
313 1220 447 1300 trigenta
469 1237 579 1293 annos,
603 1217 736 1297 qualiter
757 1215 802 1277 rei
826 1217 942 1279 ueritas
959 1216 1084 1298 cognita
1098 1216 1183 1290 luerit,

100 1343 157 1404 per
185 1322 310 1404 triginta
338 1340 437 1383 annos
466 1318 598 1381 dominis
626 1317 688 1381 suis
718 1319 884 1392 seruisset,
917 1328 948 1381 et
973 1339 1032 1399 per
1054 1319 1184 1399 superbia

101 1434 155 1488 aut
181 1425 294 1486 iniusta
323 1422 495 1503 patrocinia
526 1441 561 1484 se
596 1421 730 1483 uoluerit
759 1423 798 1481 de
828 1421 954 1483 domino
984 1440 1043 1483 suo
1069 1420 1182 1501 propn'o

101 1546 158 1607 per
179 1545 283 1606 pugna
305 1525 479 1599 uindicare,
502 1522 668 1585 nullatinus
692 1523 720 1582 ei
742 1522 963 1611 permittamus,
992 1522 1049 1584 sed
1072 1521 1182 1593 seruiat,

100 1629 180 1690 sicut
194 1628 283 1689 decet
305 1629 414 1688 seruds
438 1633 491 1687 aut
514 1625 633 1697 ancilla,
655 1626 784 1705 proprio
801 1625 927 1686 domino
950 1645 1019 1690 suo.
1054 1624 1186 1686 Similiter

100 1739 132 1793 et
153 1731 180 1792 si
201 1729 324 1790 haldius
347 1726 454 1804 fuerit,
486 1724 637 1806 inpendat
657 1727 835 1788 obedientia
856 1735 992 1806 patrono
1014 1746 1089 1800 suo,
1109 1727 1187 1790 'sicut

99 1849 157 1910 per
178 1829 311 1910 trigenta
335 1849 433 1892 annos
456 1827 542 1901 fecit,
572 1838 602 1890 et
624 1829 652 1889 ei
673 1848 757 1890 noua
780 1849 796 1890 a
821 1829 948 1890 domino
978 1848 1036 1890 suo
1064 1828 1186 1907 amplius

99 1952 162 1994 non
187 1932 370 2011 inponatur;
400 1932 455 1993 sed
477 1931 568 1992 liceat
597 1950 669 1991 eum
696 1949 746 1992 res
777 1949 850 1992 suas
873 1931 1008 2003 habere,
1041 1948 1119 2010 quas
1140 1949 1188 2010 per

98 2036 231 2116 trigenta
254 2054 407 2096 annorum
430 2033 530 2113 spatia
551 2033 630 2094 iuste
653 2033 803 2112 possedit.

181 2159 212 2222 2.
255 2156 301 2216 De
323 2155 427 2217 liberis
450 2154 616 2234 dequibus
640 2161 763 2216 constat
784 2154 909 2236 triginta
933 2154 1021 2216 annis
1043 2153 1075 2214 in
1098 2153 1189 2214 liber-

98 2267 161 2320 tate
184 2279 241 2321 sua
263 2259 488 2339 permansissit,
510 2257 596 2318 nulla
618 2275 674 2336 per
695 2275 799 2336 pugna
817 2256 952 2335 patiatur
968 2256 1122 2329 molestia,
1141 2255 1189 2318 sed

97 2359 189 2423 liceat
218 2362 261 2424 eis
290 2362 320 2421 in
349 2361 524 2422 libertatern
551 2379 642 2421 suam
668 2378 863 2439 permanere.
912 2359 951 2420 Et
981 2361 1007 2421 si
1035 2379 1090 2422 eos
1123 2360 1190 2444 qui-

99 2481 231 2543 cumque
253 2463 433 2542 pulsauerit,
456 2463 547 2523 liceat
568 2460 627 2522 illis
651 2480 719 2522 cum
736 2461 1014 2524 sacramentalibus
1031 2461 1095 2524 suis
1115 2462 1190 2542 legi-

97 2563 178 2626 timis
202 2584 236 2626 se
259 2564 417 2625 edoniare.

182 2687 211 2749 3.
254 2684 300 2742 De
324 2684 415 2763 culpa
438 2700 613 2746 seruorum.
647 2682 676 2741 Si
699 2702 808 2746 seruus
825 2684 920 2745 talem
938 2684 1063 2766 culpam
1078 2685 1190 2757 fecerit,

98 2785 179 2845 unde
200 2785 348 2865 nongenti
370 2784 477 2857 solidi,
502 2785 553 2864 qui
574 2784 605 2844 in
626 2783 687 2844 hoc
710 2786 843 2847 edictum
866 2786 972 2865 scripti
994 2794 1081 2859 sunt,
1110 2786 1189 2847 iudi-

97 2894 205 2948 cantur
233 2895 265 2947 ut
295 2887 438 2948 dominus
467 2907 526 2966 pro
562 2907 655 2948 seruo
685 2888 813 2951 deberet
848 2907 1043 2968 conponere,
1074 2897 1105 2951 et
1133 2889 1191 2949 hoc

98 2997 261 3068 amputare
289 2990 449 3052 iussimus:
484 2989 511 3051 si
542 2989 659 3052 lactum
688 2990 795 3063 fuerit,
815 2990 900 3053 ,nihil
932 2989 1006 3051 aliut
1037 3000 1191 3071 conponat

97 3091 240 3153 dominus
264 3092 344 3164 eius,
367 3090 426 3152 nisi
447 3091 515 3171 ipsa
539 3110 676 3171 persona
697 3093 840 3153 tradatur
862 3093 900 3153 ad
925 3091 1139 3165 occidendum,
1162 3101 1191 3153 et

96 3202 255 3274 conponat
276 3214 333 3273 pro
353 3194 470 3255 inlicita
492 3213 604 3268 causa,
622 3194 705 3273 quod
729 3213 838 3255 seruus
862 3194 1051 3272 penetrauit,
1074 3193 1189 3257 solidos

96 3296 274 3377 sexaginta3
305 3296 436 3377 amplius
460 3316 522 3358 non
549 3296 734 3376 requiratur.
784 3296 823 3356 Et
845 3296 870 3357 si
891 3297 959 3377 ipse
987 3316 1097 3359 seruus
1120 3297 1190 3377 fuga

96 3399 203 3478 lapsus
231 3399 340 3472 fuerit,
374 3408 404 3460 et
430 3420 493 3461 non
519 3398 656 3480 potuerit
678 3397 821 3460 dominus
849 3398 914 3460 eius
944 3418 1015 3459 eum
1042 3400 1189 3472 inuenire,

96 3503 148 3563 det
169 3522 228 3581 pro
250 3502 319 3582 ipso
342 3522 446 3576 seruo,
470 3503 521 3583 qui
542 3503 648 3582 fugam
670 3500 757 3581 petiit
780 3508 833 3561 aut
848 3520 883 3562 se
899 3501 1050 3576 dilatauit,
1074 3503 1189 3564 solidos

95 3604 224 3684 uigenti,
258 3611 288 3665 et
316 3607 447 3684 prebeat
473 3613 705 3667 sacramentum
735 3603 877 3664 dominus
905 3602 986 3675 eius,
1021 3604 1107 3684 quod
1130 3624 1191 3664 non

94 3704 248 3782 potuisset
284 3705 387 3785 ipsum
425 3727 551 3769 seruum
584 3706 733 3770 inuenire.
799 3706 838 3766 Et
871 3705 896 3766 si
930 3706 1191 3787 quandocumque

93 3805 236 3868 inuentus
260 3807 366 3879 luerit,
399 3810 502 3870 tradat
529 3827 615 3881 eum,
650 3815 813 3888 utsupra,
847 3808 887 3870 ad
917 3808 1128 3881 moriendum,
1163 3818 1192 3870 et

95 3908 224 3987 recipiat
254 3908 372 3971 solidos
401 3910 532 3991 cigenti,
561 3931 639 3990 quos
668 3930 726 3991 pro
754 3910 829 3991 fuga
855 3910 951 3990 ipsius
984 3911 1084 3986 dedit3
1118 3931 1192 3973 nam

93 4011 257 4090 sexaginta
286 4010 403 4073 solidos
435 4020 591 4091 conponat
620 4032 679 4091 pro
706 4011 810 4091 culpa,
842 4030 935 4092 quam
965 4031 1074 4075 seruus
1108 4013 1190 4078 fecit.

93 4113 132 4175 Et
158 4112 185 4175 si
216 4113 340 4193 expolia
367 4112 502 4174 hominis
533 4114 645 4192 sepulti
681 4133 791 4177 seruus
820 4116 859 4174 de
889 4114 1049 4194 sepultura
1076 4116 1193 4177 tullerit

92 4213 164 4298 [cfr.
180 4218 269 4283 Roth.
286 4237 356 4297 cap.
374 4215 439 4300 15],
463 4216 502 4276 de
525 4224 674 4296 quantum
697 4217 789 4289 tollit,
814 4217 956 4280 dominus
980 4218 1044 4280 eius
1067 4219 1190 4291 reddat,
