2574 4710
108 350 168 415 172
375 344 539 411 EDICTVS
561 343 926 409 LANGOBARDORVM.

189 533 218 596 4.
261 531 417 592 Nonnulla
445 529 630 610 flagitiorum
659 539 780 592 ueteres
807 528 988 608 iurisperiti,
1023 529 1099 590 dum
1125 527 1183 590 fieri

106 653 200 715 posse
230 653 294 717 non
326 633 502 704 crederent,
540 633 707 693 decernere
741 641 983 714 praecauentes,
1018 629 1183 709 posteritati

106 755 237 797 erronea
257 734 432 815 relinquere
453 733 592 814 uestigia.
634 733 681 794 Ad
706 755 788 796 nunc
814 732 1069 819 creuescentibus
1094 733 1196 806 malis·

106 847 136 901 et
156 838 226 899 fieri
244 857 339 917 posse
360 837 540 908 creduntur,
567 845 597 897 et
618 838 701 916 quod
731 836 844 899 dictum
871 836 992 916 nephas
1019 841 1083 907 cst,
1110 835 1181 897 lacta

104 940 255 1002 uidentur.
297 938 431 1001 Actenus
453 938 670 1019 religiosorum
691 939 867 1013 homicidia,
894 958 932 1000 co
955 939 1118 1018 quodpote
1138 946 1182 999 aut

103 1042 221 1103 inerme
242 1061 338 1122 genus
361 1039 459 1101 autin
481 1039 624 1102 omnibus
646 1042 857 1102 uenerandum
879 1041 1059 1115 haberetur,
1080 1039 1179 1102 nulltu

104 1142 323 1224 conpositionis
361 1149 488 1222 experta
523 1142 574 1203 lex
608 1142 731 1204 iudicali
766 1144 883 1204 calculo
919 1143 1037 1206 claruit.
1090 1141 1129 1203 Et
1159 1142 1179 1204 si

104 1247 261 1326 qnondam
281 1244 412 1307 forsitan
434 1244 620 1324 contigisset,
651 1253 704 1306 aut
725 1247 781 1306 sub
804 1252 928 1306 ostentu
949 1243 1058 1325 legalis
1080 1243 1180 1324 negle-

102 1348 223 1428 gentiae
244 1347 295 1408 uel
315 1347 429 1417 oblitae¹
450 1346 578 1408 rationis
602 1346 831 1418 obmittebatur,
854 1353 907 1407 aut
921 1355 1003 1408 certe
1026 1364 1180 1407 censorum

103 1449 290 1530 opinatione,
319 1457 373 1510 aut
393 1448 477 1522 illud,
507 1458 541 1511 ut
562 1448 671 1529 cuique
692 1448 812 1509 libitum
833 1456 930 1522 crant,
952 1449 1178 1513 decernebatur.

102 1553 177 1613 ldeo
199 1551 276 1613 sicut
297 1549 439 1612 omnibus
462 1551 553 1613 simul
574 1551 762 1631 aequissime
783 1549 912 1629 placuit,
941 1549 1132 1622 sanccimus,
1154 1549 1179 1611 id

102 1661 150 1716 cst
170 1653 379 1733 precepimus,
405 1661 439 1714 ut
459 1652 486 1714 si
508 1653 575 1733 quis
597 1653 742 1732 deinceps
764 1652 909 1714 occiderit
930 1653 1119 1714 monachum
1138 1651 1178 1713 ucl

100 1751 316 1838 presbyterum
349 1762 401 1816 aut
433 1754 594 1816 diaconem
622 1755 789 1834 primatum
816 1761 988 1826 tenentem,
1021 1760 1179 1833 componat

96 1857 191 1920 solidi
222 1860 283 1922 200
309 1857 360 1917 uel
386 1877 496 1937 supra,
533 1864 566 1917 ut
592 1856 722 1936 principi
749 1855 870 1936 patriae
895 1855 1060 1935 placuerit,
1090 1874 1179 1935 usque

77 1968 267 2047 trecentos.
307 1959 355 2019 De
376 1959 505 2022 caeteris
527 1977 603 2019 uero
625 1959 767 2038 personis
792 1957 946 2019 inferioris
968 1958 1085 2037 gradus
1109 1976 1177 2037 quac

99 2062 130 2123 in
145 2061 261 2142 palatio
276 2060 462 2134 deseruiunt,
485 2062 687 2122 ducentorum
702 2060 873 2122 solidorum
889 2059 1075 2139 compositio
1091 2078 1177 2139 prae-

49 2170 51 2174 ’
100 2166 214 2226 ueniat.
256 2163 303 2223 De
324 2162 449 2243 reliquis
471 2171 574 2224 autern
597 2161 825 2235 ecclesiasticis,
853 2162 905 2242 qni
926 2168 1014 2222 extra
1035 2160 1176 2240 palatium

101 2267 244 2347 dcagunt,
270 2268 327 2331 150
349 2265 427 2328 sicut
448 2266 487 2325 de
507 2264 603 2336 laicis,
626 2263 678 2344 qui
701 2263 915 2325 exercitalibus
934 2263 1067 2325 militant
1081 2263 1174 2327 armis.

183 2372 212 2432 5.
256 2367 287 2429 Si
308 2377 398 2448 pater
411 2366 496 2428 filiae
510 2385 573 2428 non
588 2364 731 2428 habentis
753 2385 933 2446 germanum
949 2374 1003 2428 aut
1018 2386 1174 2447 germanus

100 2470 201 2532 sorori
222 2469 315 2531 occisi
336 2469 458 2543 fuerint,
479 2469 523 2530 ita
540 2468 630 2530 nobis
651 2466 780 2530 rationis
801 2466 913 2529 iudicio
935 2469 1131 2549 complacuit,
1150 2478 1176 2531 ut

99 2572 176 2636 sicut
197 2572 229 2633 in
250 2563 344 2634 rebus
365 2572 463 2652 patris
478 2571 529 2631 uel
550 2570 688 2650 germani
709 2571 878 2632 secundum
893 2570 961 2651 lege
975 2571 1174 2634 haereditates

98 2693 304 2754 possessurae
325 2682 404 2747 sunt,
426 2674 469 2735 ita
485 2679 515 2733 et
529 2672 703 2734 occisorum
722 2671 962 2751 compositiones
978 2672 1175 2735 haereditarie

98 2775 318 2856 sibimedipsae
343 2776 476 2856 exigant.
541 2774 545 2781 '

180 2881 211 2944 6.
254 2877 285 2938 Si
305 2878 384 2938 liber
397 2877 495 2939 homo
510 2876 606 2938 habet
625 2896 754 2937 uxorem
775 2877 914 2949 liberam,
935 2878 1091 2959 nichilque
1105 2863 1177 2960 pro·

96 2981 198 3060 prium
208 2979 382 3059 possidens,
394 2978 489 3040 talem
500 2978 621 3058 culpam
633 2979 867 3059 perpetrauerit,
875 3000 933 3060 pro
946 2999 1007 3060 qua
1020 2982 1176 3044 damnatus

98 3081 235 3163 questori
257 3082 429 3144 secundum
449 3081 549 3161 legem
562 3080 595 3140 in
610 3100 704 3142 mauu
717 3102 776 3163 pro
793 3101 885 3144 seruo
898 3083 1069 3145 tradendus
1084 3083 1176 3155 fuerit,

96 3185 165 3266 ipsa
180 3205 259 3248 uxor
275 3183 384 3268 [libero
397 3172 591 3267 monachat]
613 3183 758 3245 maritum
779 3191 898 3246 tanturn
920 3184 1112 3260 custodiant3
1132 3184 1177 3246 ille

96 3306 173 3348 uero
188 3285 240 3367 qui
262 3305 333 3347 eum
348 3286 380 3346 in
402 3285 528 3348 seruitio
550 3285 712 3364 acceperit,
735 3287 788 3346 det
809 3285 920 3347 marito
943 3286 1084 3349 ciusdem
1104 3287 1177 3347 iufra

96 3389 301 3469 septimanam
324 3390 401 3451 duos
425 3388 508 3460 dies,
538 3387 616 3450 sicut
638 3387 773 3468 propriis
795 3387 909 3465 seruis,
937 3395 1092 3468 quatenus
1114 3407 1178 3450 eam

94 3491 195 3573 possit
225 3491 352 3555 nutrire.
406 3491 459 3551 Sin
492 3497 596 3551 arrtem
628 3490 779 3551 minorem
812 3489 932 3568 culpam
964 3489 1177 3570 penetrauerit,

95 3594 178 3655 uude
207 3613 280 3654 mox
308 3592 384 3674 legis
411 3592 554 3653 tradendi
582 3593 683 3666 deest,
716 3594 771 3654 sub
799 3591 993 3654 estimatione
1014 3591 1178 3655 iustissima

94 3695 142 3758 uir
164 3704 195 3757 et
215 3694 327 3757 coniux
349 3694 505 3756 descruiat
526 3694 563 3767 ei,
586 3694 634 3756 cui
656 3695 810 3774 culpatum
833 3701 888 3769 est,
911 3695 1065 3777 usquead
1086 3713 1179 3774 prac-

94 3797 215 3860 finitum
236 3806 378 3877 tempus;
400 3805 472 3878 post
494 3796 718 3859 constitutionis
741 3804 845 3857 autem
867 3796 933 3859 dies
954 3795 1178 3858 libertanturin

94 3890 460 3978 pristinamlibertatem.
499 3899 537 3961 Et
559 3899 584 3960 si
605 3899 674 3978 ipsa
696 3917 776 3958 uxor
796 3905 915 3959 tautum
938 3899 1061 3978 culpata
1082 3897 1181 3968 fuerit,

94 3999 274 4081 eisdemque
296 4002 412 4074 modis,
441 4011 474 4063 ut
495 4003 534 4061 de
555 4000 623 4062 uiro
647 4000 788 4080 superius
812 3996 1002 4073 censuimus
1031 4000 1124 4063 simul
1143 4001 1181 4060 de

93 4110 226 4181 utroque
248 4103 413 4183 equalitate
436 4103 587 4165 sententia
610 4100 715 4178 detur;
748 4102 791 4163 ita
819 4110 937 4178 tamen,
965 4109 998 4163 ut
1019 4102 1102 4175 eius,
1132 4100 1181 4182 qui

91 4222 146 4265 eos
169 4203 331 4283 acceperit,
355 4205 520 4285 disciplinis
537 4211 567 4277 et
590 4205 720 4284 imperio
744 4204 822 4266 sicut
843 4204 927 4266 serui
949 4202 1119 4269 subiaceat
1152 4201 1182 4262 si
