2574 4710
426 117 662 182 LlVTPRANDl
683 121 817 184 LEGES.
1127 129 1167 192 85

68 301 131 364 540
155 297 251 386 [trel.
281 301 313 362 si
342 303 410 384 quis
441 304 538 365 homo
566 304 666 367 sciens
700 306 816 367 aldium
847 315 900 370 ant
933 308 1047 371 aldium
1076 329 1167 372 suam

83 438 85 442 ·
153 421 280 464 seruum
311 405 361 465 uel
390 406 533 468 ancillam
561 406 593 467 in
625 427 732 470 casam
762 396 982 492 cuiuscumque
1010 413 1084 475 essit
1113 421 1167 476 aut

154 506 316 584 copulatus
339 516 392 568 aut
413 508 511 574 aliter.

346 610 405 678 [DE
425 609 525 666 Aduo
544 611 715 668 VlGlfflllo
734 613 890 682 Turno]

72 699 127 762 541
153 695 306 784 [ital-Si
338 701 557 783 cuiuscumque
584 722 694 766 seruus
725 713 779 766 aut
808 705 951 768 ancillam
986 706 1085 770 aldius
1115 710 1166 769 nel

153 799 270 862 aldiam
291 802 322 862 in
345 803 507 865 ecclesiam
529 804 580 866 dei
601 806 779 886 confugium
800 807 916 872 fecerit.

72 903 130 967 ⁵42
154 900 250 988 [lul.
281 904 312 964 Si
347 905 416 984 quis
446 906 590 968 timorem
623 907 672 967 dei
700 907 854 968 inmemor
880 929 939 988 pro
967 910 1184 988 cupiditatem,

150 1012 276 1066 terrena
291 1015 421 1086 propter
436 1008 670 1090 qualiscumque
692 1028 759 1071 rem
782 1010 882 1072 sciens
899 1029 932 1072 se
947 1011 1163 1090 periurauerit.

72 1108 130 1172 543
153 1105 447 1192 [145].Recolimus
471 1114 553 1171 enim
570 1111 703 1192 qualiter
724 1111 787 1172 iam
809 1120 901 1173 antea
922 1112 1107 1175 instituimus
1130 1121 1164 1176 ut

151 1210 178 1272 si
206 1211 275 1293 quis
304 1210 447 1274 decident
479 1213 639 1296 reliquerit
671 1212 768 1274 filiam
794 1232 889 1275 unam
920 1223 973 1277 aut
999 1216 1104 1295 plures
1133 1225 1164 1278 et

149 1313 270 1374 sororis
291 1313 323 1373 in
346 1314 469 1393 capillo.

70 1415 127 1478 544
151 1413 249 1500 [idol.
273 1415 303 1476 Si
326 1416 394 1494 quis
416 1415 569 1478 inuenerit
589 1417 688 1478 libera
710 1418 871 1478 mulierem
887 1426 941 1479 aut
955 1418 1090 1498 puellam
1106 1439 1164 1499 per

149 1534 296 1595 campum
318 1537 408 1578 suum
431 1519 616 1580 seminatum
639 1520 861 1587 ambulantem.

65 1620 124 1682 545
149 1615 245 1702 [llll.
270 1616 301 1677 Si
323 1619 542 1702 cariuseumque
565 1639 677 1683 seruus
698 1631 752 1683 aut
774 1621 856 1681 aldio
880 1622 992 1684 aneilla
1014 1624 1063 1683 uel
1080 1623 1162 1685 aldia

146 1719 178 1779 in
200 1720 283 1780 furto
307 1721 505 1800 conprehinsi
527 1722 652 1784 fuerint.

62 1824 124 1886 546
148 1819 245 1907 [llssl.
270 1821 301 1882 Si
324 1822 392 1904 quis
415 1840 453 1883 ex
470 1842 526 1884 sua
542 1823 728 1885 auctoritato
743 1831 827 1885 terra
843 1824 943 1886 aliena
960 1825 1017 1887 sini
1034 1825 1160 1905 puplico

147 1922 323 1988 uuilauerit.

64 2027 124 2090 547
147 2023 243 2111 illel.
266 2024 343 2087 ltem
367 2027 406 2086 de
427 2026 595 2089 infantibus
619 2025 670 2108 qui
699 2025 781 2085 intra
807 2032 942 2088 aetatem
974 2034 1045 2088 sunt
1072 2036 1102 2089 et
1128 2028 1159 2088 in

146 2127 365 2189 necessitatem
387 2129 538 2189 maiorem
559 2127 686 2188 hahent.

61 2229 124 2294 548
148 2226 244 2314 [idol
266 2228 297 2289 Si
320 2229 388 2310 quis
410 2231 563 2292 fossatum
585 2230 616 2290 in
638 2229 721 2290 uiam
743 2229 859 2293 fecerit.

59 2334 124 2395 541.)
148 2328 244 2416 [wll.
268 2330 299 2391 si
322 2332 390 2413 quis
412 2336 526 2411 porcus
548 2332 580 2392 in
603 2331 681 2392 silua
699 2330 832 2392 alienam
849 2330 1014 2392 diffensam
1031 2330 1158 2396 miserit.

58 2438 122 2499 550
147 2431 243 2519 [152].
267 2431 298 2492 Si
321 2433 522 2516 quiscumque
549 2432 645 2494 homo
668 2433 720 2514 qui
748 2441 796 2495 est
824 2432 976 2512 prudious-
1001 2442 1054 2495 aut
1076 2453 1160 2494 nau-

143 2535 247 2596 iracus
268 2534 320 2614 qui
342 2534 524 2595 uendederit
547 2543 599 2595 aut
621 2534 820 2614 dissipauerit
842 2535 1046 2597 substantiam
1069 2554 1159 2597 suam
1189 2560 1192 2566 ·

146 2644 177 2698 et
198 2656 260 2697 non
282 2635 369 2697 habit
391 2636 473 2696 unde
495 2637 742 2716 conpositionem
763 2636 875 2700 faceat.

59 2743 121 2806 551
148 2733 246 2825 [lasl.
282 2736 312 2799 Si
340 2737 407 2817 quis
436 2739 646 2818 langobardus
676 2756 806 2798 onorem
837 2739 956 2799 liabens
991 2737 1071 2800 filius
1106 2746 1160 2800 aut

145 2839 211 2902 filia
232 2839 448 2927 procreauerit
469 2848 499 2901 et
520 2848 632 2920 postea
660 2839 896 2917 inspirationem
919 2839 968 2898 dei
990 2839 1158 2917 conpulsus

147 2941 275 3003 clericus
298 2941 415 3004 efectus
437 2941 539 3005 fuerit.

59 3049 134 3112 552.
157 3044 197 3104 Et
215 3043 276 3103 hoo
299 3042 380 3102 enim
400 3049 572 3104 statuemus
596 3050 628 3103 ut
646 3041 749 3102 nullus
767 3040 860 3100 iudex
883 3059 985 3118 neque
1001 3048 1089 3100 actor
1105 3050 1160 3102 aut

147 3146 199 3226 qui
215 3162 309 3224 super
323 3143 441 3205 furonis
457 3143 515 3204 erit
528 3151 701 3205 nuscuntur
714 3161 777 3202 non
792 3148 953 3220 presumat
966 3159 1091 3201 seruum
1104 3149 1159 3202 aut

148 3248 306 3309 aldionem
325 3244 451 3307 alterius
468 3245 716 3325 oonprchindere
733 3243 890 3323 proferto
909 3250 963 3303 aut
976 3228 1038 3302 alia
1055 3242 1160 3322 culpa..

392 3345 618 3402 EXPLICIVNT
638 3344 831 3402 cnrlrvnn.

465 3436 599 3493 lNClPlT
620 3435 772 3492 CAVSAS.

56 3644 156 3741 Legis
179 3677 259 3739 quus
282 3655 465 3718 christianus
488 3654 548 3716 hac
575 3654 745 3716 catholicus
773 3651 915 3732 princeps
943 3651 1104 3712 instituere
1127 3657 1159 3712 et

57 3761 231 3842 prudenter
252 3757 364 3820 cinsire
379 3756 525 3836 disponit,
547 3776 611 3818 non
633 3775 691 3818 sua
713 3753 920 3835 prouidentia,
942 3752 998 3814 sed
1012 3751 1063 3812 dei
1078 3760 1157 3814 notu

58 3871 91 3925 et
111 3861 315 3942 inspiratione
337 3878 390 3921 eas
413 3858 517 3920 animo
541 3858 692 3938 concepit,
715 3862 819 3917 mente
833 3861 1004 3934 pertractat
1019 3861 1051 3915 et
1066 3853 1158 3915 sular-

56 3965 156 4028 briter
171 3981 269 4044 opere
284 3961 408 4042 conplit‚
432 3960 505 4041 quia
526 3978 581 4021 cor
597 3958 677 4039 regis
699 3957 731 4018 in
747 3977 840 4020 mano
856 3955 906 4017 dei
921 3963 977 4032 est,
1001 3962 1157 4018 atestante
