2574 4710
129 333 337 394 RADELGlSl
359 335 409 394 ET
432 334 625 396 SlGlNVLFl
647 333 804 407 DIVISIO,
828 355 856 400 a.
879 335 949 433 Chr.
972 338 1044 402 851.
1104 341 1162 404 195

68 519 335 630 [uuouuursr
372 521 429 592 ur
467 522 697 594 steinvert
734 520 906 597 orvrsro
948 524 1162 598 orsurus
1269 493 1272 499 ’

352 639 695 735 ΒΕΝΕνΕΝΤΑΝι,
724 665 755 711 a.
776 642 876 735 em]

154 812 180 873 l.
224 809 289 889 Ego
312 810 485 890 radelgisus
507 809 651 889 princeps
674 810 812 871 concedo
831 810 884 871 tibi
907 811 1057 894 siginullo*
1071 813 1163 892 prin-

66 911 125 989 cipi
147 910 360 998 firmissimam
382 931 492 991 pacem
516 913 554 970 de
570 907 696 990 'integra
724 919 813 990 parte
840 913 1030 993 principatus
1061 916 1162 976 bene-

65 1020 220 1079 uentanae
241 1013 435 1092 prouinciae,
459 1031 539 1092 quae
563 1011 615 1072 tibi
637 1012 818 1074 nominatim
841 1015 943 1075 euenit
963 1035 1020 1094 per
1042 1016 1162 1096 singula

65 1123 95 1175 et
115 1114 236 1194 integra
259 1113 434 1193 gastaldata
457 1132 512 1175 seu
534 1112 713 1185 ministeria,
738 1133 818 1193 quae
840 1114 889 1175 hic
912 1117 1066 1196 descripta
1083 1126 1161 1194 sunt,

65 1224 95 1277 et
118 1216 195 1277 sicut
217 1215 268 1275 hic
294 1215 373 1277 fines
401 1216 540 1277 locorum
573 1215 717 1295 descripti
749 1224 820 1277 sunt
845 1207 925 1278 inter
953 1219 1110 1280 consciam
1132 1227 1163 1280 et

64 1318 223 1379 salernum
246 1324 276 1378 et
298 1336 429 1396 capuam
452 1337 470 1378 a
492 1325 581 1397 parte
603 1318 777 1382 beneuenti.

149 1423 178 1483 2.
221 1417 267 1479 lta
290 1418 422 1499 quidem,
446 1427 478 1480 ut
494 1420 609 1480 amodo
626 1420 674 1478 nel
691 1418 835 1498 deinceps
851 1439 908 1500 per
922 1421 1039 1483 nullum
1055 1422 1161 1482 dolum

64 1531 119 1582 aut
146 1521 302 1600 ingenium
334 1522 384 1582 uel
415 1521 671 1602 qualemcumque
701 1522 898 1607 occasionem
928 1524 1078 1584 exindea
1109 1533 1160 1584 tua

62 1631 220 1703 potestate
251 1623 434 1698 subtraham
465 1624 518 1685 tibi
546 1632 576 1685 et
604 1624 663 1695 illi,
694 1624 745 1703 qui
772 1644 829 1703 per
857 1632 942 1686 tuam
969 1625 1167 1700 uoluntatem¹

63 1725 155 1785 fuerit
176 1725 319 1805 princeps
344 1725 474 1797 electus,
507 1725 558 1804 qui
587 1733 659 1805 post
691 1734 828 1788 riestrum
859 1728 1030 1790 decessum
1048 1727 1079 1786 in
1109 1736 1160 1788 tua

63 1828 208 1907 portione
230 1826 423 1906 principandi
445 1835 632 1906 potestatem
655 1828 826 1906 susceperit
841 1829 871 1888 in
887 1828 1009 1889 ciuitate
1025 1829 1159 1891 salerno.

148 1931 177 1993 3.
221 1929 259 1989 Et
290 1947 392 2008 neque
425 1914 644 2008 cum'populo
678 1928 753 1989 mihi
785 1930 933 2001 subiecto,
967 1949 1067 2008 neque
1090 1948 1159 1989 cum

63 2031 192 2102 francis,
222 2049 324 2109 neque
352 2049 421 2089 cum
451 2029 624 2098 saracenis,
654 2049 755 2109 neque
784 2050 852 2090 cum
875 2030 935 2091 alia
964 2020 1160 2110 quacumque

63 2131 397 2215 generatione'eninde
420 2131 458 2190 de
480 2130 636 2210 praesenti
653 2130 702 2190 die
718 2131 900 2193 subtraham
915 2131 965 2191 uel
979 2130 1158 2210 inpugnabo

63 2242 116 2295 aut
139 2233 260 2306 delebo,
282 2245 384 2314 neque
406 2232 585 2294 submittam
602 2232 653 2310 qui
672 2232 745 2293 talia
767 2233 898 2307 faciaut;
922 2242 952 2293 et
968 2233 1040 2293 talia
1055 2234 1159 2294 facere

62 2334 238 2396 uolentibus
268 2354 303 2395 ac
331 2334 513 2395 iacientibus
542 2333 727 2398 adiutorium
759 2334 876 2394 nullum
909 2334 1094 2413 inpendam;
1129 2343 1159 2396 et

63 2456 119 2516 per
151 2455 253 2497 meam
280 2445 395 2498 terram
423 2456 486 2496 non
520 2435 712 2514 permittam,
744 2455 846 2515 neque
879 2435 1030 2498 dimittam
1065 2438 1157 2498 aliam

63 2517 297 2618 generationem
334 2538 439 2598 uenire
479 2539 517 2598 ad
555 2537 805 2598 contrarietatem
842 2546 943 2598 terrae
980 2559 1017 2599 ac
1052 2540 1159 2619 populi

61 2649 187 2702 uestrae
209 2640 316 2720 partis,
346 2639 392 2699 cui
415 2638 605 2719 generationi
629 2657 686 2719 ego
710 2657 778 2697 cum
800 2639 928 2717 populo,
958 2640 1064 2720 quiin
1088 2660 1158 2701 mea

62 2751 145 2802 terra
167 2742 287 2802 habitat
302 2740 353 2801 uel
374 2739 571 2812 habitauerit‚
593 2740 739 2800 resistere
761 2747 883 2819 potero,
906 2742 984 2804 sicut
1000 2743 1070 2804 siin
1087 2763 1158 2804 mea
1218 2735 1221 2740 ’

62 2849 145 2903 terra
168 2842 302 2904 uoluerit
323 2841 426 2902 lacere
449 2840 683 2913 damnietatem,
713 2841 812 2901 donec
835 2861 905 2901 cum
926 2843 1040 2905 francis
1061 2844 1156 2905 fidem

61 2954 91 3006 et
106 2953 240 3025 pactum,
258 2944 335 3005 sicut
349 2940 546 3022 promisistis,
562 2942 818 3017 obseruaueritis;
838 2950 868 3003 et
883 2964 939 3004 uos
957 2953 1158 3025 uestrumque
1221 2987 1224 2991 .

61 3047 212 3126 populum
234 3046 326 3106 liceat
346 3064 403 3123 per
424 3051 540 3104 terram
563 3063 665 3105 meam
687 3043 819 3104 transire
842 3052 949 3105 contra
964 3045 1035 3106 illos
1051 3045 1156 3108 hosti-

60 3149 130 3209 liter
145 3156 176 3209 et
191 3168 260 3209 cum
283 3166 382 3217 scara,
405 3146 445 3206 ad
467 3144 687 3205 uindicandum
710 3147 829 3223 absque
851 3145 1019 3217 homicidio
1039 3147 1089 3206 uel
1104 3147 1157 3220 in·
1269 3163 1270 3166 ’

61 3248 170 3308 cendio
194 3251 225 3308 et
247 3247 490 3328 depraedatione
513 3266 568 3307 seu
590 3245 658 3314 zala
681 3247 719 3306 de
741 3245 858 3325 populo
876 3255 905 3306 et
927 3255 1010 3308 terra
1033 3252 1111 3308 mea
1126 3258 1156 3310 et
1198 3295 1201 3299 .

60 3349 266 3428 oppressione
289 3350 486 3412 castellorum
501 3347 653 3428 portionis
670 3365 767 3418 meae,
792 3356 922 3426 excepta
939 3350 1014 3408 erba
1030 3357 1060 3409 et
1074 3349 1156 3430 ligna

10 3473 13 3479 ’
61 3459 90 3510 et
113 3470 209 3532 aqua,
239 3473 317 3532 quos
348 3453 436 3514 uobis
465 3470 526 3511 non
556 3449 747 3528 negauimus.
791 3448 829 3509 Et
852 3449 878 3509 si
900 3450 1064 3530 contigerit
1086 3469 1155 3512 esse

59 3553 184 3624 lactum,
207 3574 269 3633 pax
292 3554 402 3614 exinde
424 3572 487 3614 non
510 3552 732 3630 disrumpatur,
763 3551 817 3611 sed
840 3549 876 3610 fit
898 3551 1009 3611 exinde
1030 3551 1155 3619 iustitia.

144 3675 173 3736 l.
218 3673 365 3756 Omnium
386 3692 490 3733 rerum
513 3678 692 3733 sanctorum
709 3670 917 3742 ecclesiarum,
941 3671 1156 3750 episcopatdm'

60 3774 273 3834 uidelicetuel
296 3773 555 3855 monasteriorum
579 3775 634 3834 sub
657 3772 764 3851 regula
788 3772 964 3852 degentium
987 3792 1042 3833 seu
1066 3772 1156 3833 sino-

60 3865 335 3947 dochiorum,'ibi
358 3894 469 3962 census
499 3875 637 3935 rationes
668 3875 837 3935 reddantur
867 3875 905 3934 de
935 3873 998 3935 suis
1028 3873 1154 3952 singulis
1231 3922 1232 3925 ,

60 3977 250 4051 substantiis,
273 3977 326 4036 ubi
349 3976 449 4056 capita
472 3984 542 4038 sunt
563 3995 687 4037 earum:
710 3985 836 4054 praeter
851 3974 1041 4036 monasteria
1057 3974 1156 4037 sancti

59 4078 211 4139 benedicti
244 4087 275 4140 et
308 4065 404 4140 sancti
433 4078 593 4148 uincentii,
629 4096 709 4156 quae
743 4080 799 4138 sub
834 4075 1015 4138 defensione
1048 4075 1155 4136 domni

58 4180 255 4259 imperatoris
284 4180 408 4241 lotharii
435 4181 565 4260 eiusque
592 4178 646 4238 filii
674 4179 778 4240 domni
806 4177 941 4239 ludouici
968 4178 1050 4258 regis
1073 4185 1153 4239 sunt.
