2574 4710
98 348 157 439 132
235 344 470 419 LVITPRANDl
490 345 614 408 Leclts
635 346 729 407 ANNI
750 346 836 413 xlx
859 346 939 413 cle.
966 348 1034 413 121.

94 530 145 592 uel
164 529 345 592 haldionem
366 531 492 610 alterius
516 549 585 591 eam
608 551 738 592 oxorem
760 532 836 593 dar'e
857 531 1098 610 presumpserit,
1128 537 1180 593 aut

95 628 166 694 eam
188 633 352 693 baltederit
366 632 497 712 turpiter
519 631 658 716 (excepto
681 633 707 694 si
730 633 830 695 infans
851 632 951 707 fuerit,
973 652 1032 712 pro
1046 633 1179 695 honesta

95 720 257 813 disciplina
271 734 498 796 ostendendum
513 733 663 794 muliebre
678 753 785 814 opera,
808 735 914 796 autad
937 734 1049 796 uicium
1065 733 1179 795 malum

94 835 337 908 emendandum,
365 834 443 896 sicut
465 835 503 895 de
524 835 683 931 propriam
704 834 799 897 filiam
823 836 922 922 suam)
951 845 982 898 et
1007 835 1035 899 si
1057 854 1128 898 eam
1148 835 1177 896 in

93 937 287 999 indicebilem
321 955 450 1016 operam
482 945 614 1017 quoacta
642 936 816 1011 minauerit,
851 946 904 1000 ant
932 941 957 1000 si
988 937 1176 1018 13333131-

95 1039 256 1102 terauerit:
280 1039 384 1099 omnia
406 1038 486 1100 haec
507 1039 560 1120 qui
580 1039 683 1100 facere
697 1023 929 1120 presumpserit,
952 1041 1034 1102 male
1049 1048 1175 1102 tractata

95 1161 164 1204 esse
180 1141 318 1206 dicimus.
353 1140 484 1221 Insuper
506 1149 537 1202 et
557 1140 709 1216 addimus,
731 1149 765 1203 ut
779 1160 836 1202 nec
850 1143 890 1203 ad
907 1141 1023 1204 libertis
1037 1142 1173 1204 homenis

95 1263 164 1304 eam
193 1244 232 1304 ad
261 1242 405 1304 maritum
434 1246 554 1324 absque
585 1241 649 1304 eius
681 1241 872 1304 uoluntatem
901 1243 977 1305 dare
1009 1253 1171 1323 presumat,

95 1346 168 1425 quia
194 1344 281 1425 peius
311 1350 442 1407 tractata
470 1364 628 1407 essenon
656 1352 772 1424 potest,
805 1345 832 1408 si
852 1345 937 1406 illum
959 1364 1070 1405 uerum
1091 1345 1172 1422 tollit,

95 1467 187 1528 quem
207 1446 276 1525 ipsa
298 1464 362 1505 333
383 1445 458 1510 uult.
507 1445 581 1508 ldeo
603 1446 781 1520 statuimus,
814 1452 848 1507 ut
868 1453 998 1526 propter
1019 1446 1127 1527 plagas
1147 1456 1172 1509 et

92 1549 210 1620 feritas,
233 1546 259 1609 si
280 1546 395 1619 lecerit,
417 1547 521 1613 uelde
537 1547 730 1631 adulterium,
753 1556 910 1628 conponat
930 1548 1032 1609 eidem
1046 1548 1170 1610 feminae

92 1652 173 1714 sicut
204 1649 321 1710 edictus
355 1647 491 1709 contenit
522 1648 622 1733 [nott.
651 1649 819 1734 [Βῆ-71],
856 1659 886 1710 31
924 1650 1082 1711 mundium
1115 1643 1168 1714 eius

93 1752 224 1816 amittat.
708 1748 710 1755 '

180 1856 249 1919 121.
272 1854 308 1918 V.
351 1851 383 1912 Si
405 1850 472 1932 quis
495 1850 664 1914 admodum
685 1853 828 1915 inuentus
850 1853 942 1914 fuerit
963 1873 1034 1914 cum
1049 1872 1169 1915 exorem

93 1954 229 2016 alienam
250 1954 379 2033 turpiter
400 1952 589 2026 conuersari,
610 1953 641 2015 id
663 1962 711 2016 est
733 1955 769 2018 si.
782 1973 889 2017 manos
910 1957 942 2015 13
967 1973 1044 2016 3333
1064 1955 1170 2016 autad

95 2064 218 2138 pectum
246 2057 311 2120 eius
340 2055 457 2118 miserit
482 2054 532 2116 uel
559 2055 599 2117 ad
633 2056 727 2117 alium
757 2057 858 2118 locum
886 2057 968 2116 unde
993 2063 1084 2135 turpe
1111 2075 1171 2118 csse

95 2166 200 2240 potest
227 2177 297 2219 cum
324 2176 510 2220 consensum
536 2157 634 2237 ipsius
663 2157 812 2230 mulieris,
835 2166 866 2219 et
891 2165 1058 2239 pronatum
1080 2157 1169 2231 fuerit,

94 2266 251 2340 conponat
273 2258 326 2339 qui
346 2260 408 2320 hoc
429 2259 545 2320 malum
565 2260 738 2339 penetrauit
752 2259 889 2340 uuirigild
912 2279 1002 2322 snum
1025 2259 1065 2320 ad
1083 2259 1168 2321 mari-

96 2371 161 2424 tum
193 2361 288 2442 ipsius
320 2361 464 2424 mulieris.
519 2360 551 2420 Si
576 2369 680 2422 autem
707 2380 801 2423 causa
827 2381 890 2421 non
918 2361 1010 2422 fuerit
1035 2368 1170 2442 3333313,

96 2465 155 2527 3131
183 2446 397 2527 tantummodo
430 2462 584 2544 quispiam
611 2463 650 2523 de
676 2469 820 2542 suspecto
852 2462 943 2524 alium
977 2463 1017 2522 de
1049 2482 1171 2525 oaorem

95 2584 185 2628 suam
207 2564 442 2646 conpellauerit,
472 2563 588 2624 habeat
614 2563 768 2624 licentiam
789 2563 857 2643 ipse
879 2563 931 2643 qui
952 2565 1109 2644 conpellat
1129 2570 1175 2627 aut

97 2666 137 2727 ad
171 2685 274 2745 pugna
306 2671 360 2726 aut
387 2665 426 2725 ad
460 2673 689 2744 sagramentum
720 2665 821 2745 ipsum
850 2664 1009 2729 hominem
1039 2683 1174 2746 querere,

60 2819 63 2824 .
98 2766 197 2846 qualis
217 2766 360 2827 uoluerit.
404 2766 435 2826 Si
457 2784 532 2826 uero
555 2766 623 2844 ipsa
647 2765 755 2826 mulier
775 2767 806 2827 in
827 2767 888 2828 hac
908 2767 1030 2829 inlecita
1052 2786 1175 2830 causam

96 2868 291 2930 consentiens
312 2867 419 2939 fuerit,
445 2874 629 2947 potestatem
657 2867 774 2929 habeat
794 2869 920 2930 maritus
942 2869 1026 2942 eius,
1055 2869 1089 2930 in
1111 2887 1175 2930 eam

97 2969 231 3031 uindicta
258 2970 348 3042 dare,
381 2968 439 3030 sibi
466 2969 497 3029 in
525 2968 697 3048 disciplina,
730 2968 788 3031 sibi
815 2970 847 3030 in
873 2969 1097 3044 uindieionem,
1128 2969 1177 3031 ubi

97 3071 246 3152 uoluerit3
268 3077 482 3133 uerumtamen
496 3090 558 3132 non
573 3070 740 3144 occidatur,
762 3090 819 3133 nec
840 3072 868 3133 ei
890 3061 1021 3135 sematio
1039 3073 1177 3153 corporis

95 3172 162 3240 fiat.
207 3172 238 3234 Si
265 3172 389 3253 quidem
414 3173 560 3236 forsitans
588 3172 657 3235 talis
685 3173 776 3235 fuerit
801 3174 869 3254 1333
898 3175 976 3237 liber
1003 3175 1120 3257 homo,
1146 3181 1179 3236 ut

97 3295 161 3336 non
182 3274 307 3349 habeat,
329 3275 411 3336 unde
425 3273 669 3356 conpositionem
687 3275 789 3348 faciat,
812 3284 883 3337 1333
904 3277 1044 3357 33311333
1069 3280 1178 3338 densat

96 3395 153 3437 333
169 3377 245 3437 dare
265 3376 295 3436 in
318 3395 412 3437 manu
426 3377 527 3437 mariti
548 3377 623 3450 eius,
646 3385 677 3437 et
694 3377 805 3457 ipsein
823 3397 893 3438 eum
907 3379 999 3441 iaciat
1014 3379 1179 3441 uindictam

96 3477 129 3537 in
156 3477 346 3558 disciplinam
377 3486 408 3538 et
433 3477 465 3537 in
491 3478 712 3553 uindicionem,
745 3498 817 3539 nam
845 3499 907 3540 non
934 3481 966 3541 in
993 3480 1178 3557 occisionem

99 3585 153 3638 331
177 3579 208 3637 13
235 3579 447 3644 sematiouem.
498 3580 529 3641 Si
558 3587 661 3642 autem
688 3579 810 3642 haldius
842 3588 895 3641 eut
921 3600 1028 3644 seruus
1063 3581 1181 3643 alienus

98 3679 160 3739 hoc
186 3678 301 3740 malum
324 3680 356 3740 in
388 3681 486 3742 libera
516 3681 675 3742 mulierem
707 3682 810 3742 iacere
841 3683 1078 3763 presumpserit,
1111 3691 1183 3745 tunc

101 3788 248 3862 patronus
271 3781 335 3843 eius
351 3789 506 3861 conponat
521 3783 561 3843 ad
577 3783 719 3844 maritum
734 3783 830 3862 ipsius
847 3784 981 3846 mulieris
998 3784 1116 3847 solidos
1132 3789 1182 3858 60,

99 3890 130 3944 et
151 3882 219 3962 ipsa
239 3901 375 3962 persona
397 3883 440 3944 dit
461 3883 540 3952 ei-in
562 3904 665 3950 manu.
702 3884 734 3945 Si
755 3904 829 3945 uero
851 3905 961 3947 seruus
984 3893 1037 3947 aut
1057 3886 1183 3949 haldius

96 3983 215 4046 alienus
236 4004 292 4065 per
314 3985 504 4064 uolontatem
527 3985 642 4046 domini
663 3985 710 4048 sui
730 3985 791 4047 hoc
814 3986 928 4047 malum
949 3987 1069 4061 iecerit,
1098 3988 1183 4069 quod

98 4085 340 4167 suprascriptum
370 4094 432 4160 est,
462 4096 494 4149 et
521 4095 686 4168 pronatum
712 4088 803 4149 fuerit
832 4090 915 4169 quod
942 4089 1009 4169 ipse
1039 4090 1183 4163 dominus

98 4187 270 4260 consensit,
298 4197 453 4268 conponat
481 4189 558 4252 sicut
583 4209 678 4270 supra
705 4189 847 4271 uuirigild
873 4210 979 4268 suum;
1008 4191 1052 4254 sic
1078 4198 1183 4254 tamen
