2574 4710
153 350 212 415 100
295 345 532 411 Lvrrrnlunl
551 346 676 409 LEGES
697 346 792 408 ANNI
813 346 869 414 XL
892 345 972 413 GAP.
995 347 1131 413 31-32.

147 541 268 615 quantu
293 532 393 614 magis
422 533 507 595 deuit
533 550 630 594 causa
661 532 711 594 dei
740 539 786 594 et·
801 543 929 594 sanctae
961 532 1078 594 mariae
1108 531 1243 612 amplior

146 655 227 709 esse,
255 641 289 696 ut
310 653 392 715 quae
411 633 513 715 ipsum
535 634 679 696 uelamen
700 635 751 696 uel
771 634 879 697 habitu
898 636 930 694 in
952 653 987 696 se
1008 633 1189 714 suscipiunt,
1211 633 1242 694 in

147 737 273 800 eodem*
290 736 424 797 deueaut
453 755 669 816 perseuerare.
722 738 753 799 Si
782 757 844 818 qua
875 755 958 798 uero·
986 737 1103 798 femina
1129 744 1242 799 contra

145 839 220 911 hoc,
254 838 338 917 quod
365 846 474 900 nostra
500 838 631 902 instituit
658 838 855 912 excellentia,
885 838 981 919 egerit
1013 847 1067 900 aut
1094 838 1242 900 maritum

146 960 181 1003 se
203 939 402 1021 copolauerit,
423 940 536 1019 perdat
555 960 679 1001 omnem
694 941 1019 1014 substantiamsuam,
1042 947 1072 1000 et
1095 938 1242 1001 deueniat

144 1041 214 1121 ipsa
245 1041 418 1104 substantia
445 1042 486 1103 ad
512 1050 700 1122 potestatem
725 1043 852 1122 paletii3
885 1043 935 1104 de.
960 1059 1098 1122 persona
1135 1051 1240 1103 autem

145 1144 285 1206 eiusdem
305 1143 433 1216 lemine,
463 1163 545 1225 quae
564 1144 660 1207 talem
689 1146 803 1207 malum
833 1145 1003 1218 comiserit,
1030 1145 1146 1207 iudecit
1176 1163 1237 1221 rex,

145 1245 197 1325 qui
218 1265 277 1325 pro
298 1252 441 1325 tempore
461 1246 568 1319 fuerit,
592 1246 724 1327 qualiter
742 1247 785 1307 illi
806 1247 972 1326 placuerit,
996 1246 1101 1307 autin
1124 1264 1237 1307 mona-

145 1347 243 1410 sterio
265 1347 414 1409 mittendo
443 1355 497 1409 aut
518 1349 652 1428 qualiter
679 1349 847 1411 secundum
871 1349 963 1409 deum
992 1346 1101 1410 melius
1130 1347 1239 1427 preni-

144 1450 233 1513 derit.
278 1448 374 1510 Simili
399 1448 501 1509 modo
529 1455 560 1510 et
586 1450 626 1511 de
657 1451 740 1513 uictu
771 1451 822 1512 uel
855 1449 1139 1513 uestimentueius
1172 1450 1236 1528 ipse

45 1602 47 1608 .
145 1551 288 1630 princeps
318 1549 456 1622 ordinet,
489 1550 621 1630 qualiter
653 1552 681 1613 ei
706 1551 868 1632 placuerit.
921 1551 953 1612 si
980 1560 1085 1613 autem
1109 1551 1181 1627 ille,
1208 1550 1237 1611 in

145 1651 229 1713 cuins
251 1651 378 1712 mundio
400 1651 470 1715 talis
492 1652 607 1714 femina
629 1662 695 1732 est,
725 1654 920 1717 consentiens
948 1654 1041 1715 luerit
1067 1652 1100 1712 in
1122 1671 1236 1731 supra-

145 1752 261 1832 scripto
283 1752 381 1826 malo,
411 1759 441 1814 et
462 1762 629 1833 pronatum
650 1755 757 1828 luerit,
784 1763 942 1835 conponat
968 1755 1100 1835 uuirgild
1130 1772 1234 1828 suum;

145 1862 176 1916 et
196 1853 264 1926 ille,
296 1854 348 1934 qui
370 1873 440 1915 earn
466 1855 577 1918 tollere
604 1857 847 1936 presumpserit,
879 1863 1036 1936 conponat
1060 1856 1093 1916 in
1121 1855 1233 1935 palatio

144 1954 262 2027 solidos
291 1964 465 2019 sexcentos.
515 1959 547 2020 Si
574 1967 680 2021 autem
708 1957 878 2020 mundoald
897 1957 930 2017 in
950 1957 1020 2037 ipso
1046 1956 1132 2018 malo
1159 1975 1234 2017 con-

145 2058 280 2121 sentiens
309 2076 372 2118 non
399 2057 504 2131 luerit,
524 2060 736 2121 medietatem·
759 2061 798 2121 de
832 2060 907 2139 ipsis
941 2060 1093 2122 sexcentis
1131 2058 1234 2121 solidis

145 2160 274 2239 accipiat
293 2159 371 2239 ipse,
394 2167 425 2221 et
448 2160 648 2224 medietatem·
668 2180 733 2224 rex.
776 2161 838 2234 Qui
859 2168 963 2222 autem
981 2162 1074 2223 talem
1087 2160 1235 2222 feminam

144 2260 291 2342 rapuerit,
314 2269 470 2340 conponat
492 2263 610 2324 solidos
633 2262 724 2336 mille,
747 2270 781 2324 ut
794 2264 941 2343 precedat
955 2281 1050 2324 eausa
1066 2262 1117 2323 dei
1130 2262 1233 2325 solidis

146 2370 278 2438 eentum,
301 2363 449 2443 quoniam
470 2364 510 2424 de
531 2372 622 2444 raptu
644 2364 791 2442 secularis
812 2364 947 2426 feminae
962 2363 1136 2443 conpositio
1151 2382 1236 2424 non-

145 2465 227 2545 genti
250 2464 340 2527 solidi
361 2464 392 2525 in
414 2464 514 2528 edicto
538 2466 638 2551 [Roth.
664 2465 733 2550 191]
755 2466 904 2531 lecuutur.
947 2465 1020 2545 lpsa
1041 2485 1133 2539 uero,
1157 2484 1235 2545 quae

145 2566 465 2656 nou·conseruauerit
486 2586 524 2629 ea
547 2587 627 2647 quae
649 2567 792 2648 superius
810 2567 939 2648 legitur,
962 2575 993 2629 et
1014 2566 1098 2628 malo
1120 2586 1236 2646 supra-

146 2669 260 2748 scripto
284 2667 485 2740 consenserit,
506 2688 628 2748 poenae
650 2669 880 2750 suprascriptae
901 2668 1070 2733 subiaceat.

207 2768 333 2836 431.Π.
378 2769 408 2830 Si
435 2769 503 2848 quis
537 2771 674 2850 rapuerit
701 2773 958 2852 qualemcumque
991 2771 1107 2831 femina
1137 2770 1238 2832 libera

145 2871 348 2944 saecularem,
371 2871 453 2932 unde
474 2870 505 2932 in
527 2871 682 2933 anteriore
703 2872 803 2934 edicto
830 2873 940 2953 legitur
962 2871 1134 2952 conpositio
1156 2871 1238 2934 soli-

19 3044 23 3053 ,
144 2973 256 3034 dorum
282 2979 524 3052 nongentorum,
552 2973 597 3036 ita
622 2975 783 3055 uolumus,
811 2982 844 3035 ut
873 2975 911 3035 de
938 2974 996 3036 illis
1025 2974 1238 3054 quadrigentis

145 3075 373 3155 quinquagenta
391 3074 528 3151 solidis,
562 3076 614 3155 qui
644 3083 830 3155 perteneunt
861 3076 902 3137 ad
933 3083 1079 3155 parentes
1113 3075 1165 3136 uel
1196 3075 1239 3135 ad

145 3176 330 3248 mundoald,
352 3184 386 3238 ut
408 3175 538 3256 accipiat
559 3197 598 3238 ex
618 3177 694 3256 ipsis
718 3177 824 3240 solidis
847 3176 1036 3250 mundoald,
1060 3177 1112 3257 qui
1132 3175 1237 3250 luerit,

133 3298 202 3358 pro
223 3277 328 3358 fatigio
351 3298 407 3339 suo
430 3297 469 3339 er
488 3278 671 3359 acceptione
692 3280 731 3339 de
751 3259 836 3359 ipsa
842 3298 945 3359 poena
966 3278 1083 3341 solidos
1104 3297 1240 3340 numero

145 3389 276 3442 centum·
290 3380 521 3461 quinquaginta.
574 3380 720 3461 Reliquos
751 3399 825 3442 uero
854 3388 1006 3442 trecentos
1028 3379 1147 3441 habeat
1167 3380 1240 3461 ipsa

144 3482 275 3554 femina,
306 3482 353 3542 cui
374 3482 452 3544 tales
479 3481 590 3543 iniuria
619 3490 672 3543 aut
700 3483 849 3544 detractio
874 3483 957 3544 lacta
979 3489 1035 3546 est.
1055 3466 1059 3509 3
1079 3481 1110 3543 si
1131 3488 1241 3542 autem

144 3592 265 3664 petrem
288 3591 342 3645 aut
361 3584 491 3646 fratrem
511 3583 580 3663 ipsa
601 3584 716 3645 femina
737 3584 889 3657 habuerit,
911 3582 995 3645 etin
1016 3602 1125 3644 eorum
1141 3603 1241 3644 mun-

144 3685 230 3745 dium
251 3684 355 3761 luerit,
371 3694 458 3748 tunc
479 3694 569 3766 pater
591 3685 762 3748 aut'frater
783 3686 823 3747 de
849 3686 951 3766 ipsam
978 3683 1238 3766 conpositionem,

145 3788 229 3871 quod
252 3795 323 3850 sunt
349 3787 439 3849 solidi
462 3787 676 3868 quadringenti
699 3787 916 3868 quiquaginta,
938 3787 1054 3849 faciant
1080 3805 1152 3847 cum
1174 3785 1240 3848 filia

145 3898 199 3952 aut
220 3909 329 3952 sorore
351 3908 408 3952 sua
430 3889 560 3969 qualiter
581 3889 743 3955 noluerint.
791 3888 870 3950 Nam
891 3889 971 3952 alter
992 3887 1163 3951 mundoald
1185 3895 1240 3951 aut

144 3997 289 4071 parentes
311 3992 356 4053 sic
377 3990 516 4052 diuidant
536 3991 637 4070 ipsam
659 3990 916 4072 conpositionem,
949 3990 1028 4053 sicut
1047 4009 1145 4071 supra
1167 3997 1238 4053 sta-

144 4093 269 4159 tuimus.
931 4156 934 4161 .

228 4196 278 4259 32.
301 4192 352 4260 Ill.
394 4194 440 4255 De
462 4193 525 4273 his,
557 4194 669 4275 quide
696 4194 811 4281 inlicito
842 4194 1038 4258 matrimonio
1065 4194 1131 4257 nati
1153 4202 1234 4267 sunt,
