2574 4710
102 347 160 444 112
221 341 459 406 LlV‘l'PRANlll
479 341 604 403 LEGES
625 341 720 402 ANNl
742 338 824 404 XIV.
847 339 929 403 CAP-
952 342 1089 407 702-72.

99 527 237 608 quidem,
267 546 306 588 eo
328 527 412 607 quod
435 525 549 587 multae
579 545 691 589 causae
711 526 760 587 ¹ud
782 524 992 588 definiendum
1012 523 1180 607 incognitae

98 635 196 703 eraut,
219 628 290 711 quia
313 628 363 690 alii
384 647 441 708 per
453 627 706 700 'consuitutinem
730 627 781 689 alii
803 647 859 708 per
878 627 1040 690 arbitrium
1053 626 1179 689 indicere

98 731 294 814 estimabant,
315 731 358 793 ita
379 731 587 812 preuidemus,
609 738 643 792 ut
663 729 763 791 nullus
784 749 874 791 error
895 749 966 792 esse
981 731 1117 802 deberet,
1130 731 1178 792 sed

98 832 239 895 omuibus
267 833 429 895 manifesta
458 832 620 894 clariscere
648 831 708 898 lex.
760 832 897 912 {deoque
922 832 1003 894 haec
1029 830 1177 898 statuimus

98 935 249 997 adnotare
276 934 422 1015 capitula,
452 953 534 996 anuo
564 933 678 996 scilicet
704 933 792 1014 regni
820 934 919 996 nostri
949 934 1009 995 deo
1041 932 1176 1014 largiente
1213 928 1216 943 '

98 1035 345 1117 quartodecimo,
374 1036 443 1097 diae
464 1036 667 1098 kalendarum
689 1036 883 1110 martiarum,
906 1035 1075 1097 indictione
1094 1055 1174 1103 noua.

98 1139 179 1211 Quin
201 1139 295 1200 etiam
316 1145 347 1200 et
367 1137 473 1200 iudicis
489 1146 582 1218 atque
597 1137 706 1200 fedelis
726 1137 826 1200 nostri
847 1139 886 1198 de
899 1139 1039 1219 partibus
1055 1137 1173 1199 austriae

97 1250 128 1303 et
149 1239 305 1302 neustriae
327 1242 488 1302 uobiscum
504 1239 676 1312 adfuerunt,
699 1247 730 1302 et
750 1240 829 1301 haec
844 1239 947 1301 omnia
961 1240 1042 1300 inter
1058 1258 1093 1301 se
1107 1251 1173 1301 cou-

97 1342 190 1404 locuti
211 1349 295 1414 suut,
325 1350 356 1404 et
375 1341 467 1404 nobis
495 1342 717 1415 renuntiantes,
746 1341 907 1404 nobiscum
928 1343 1047 1421 pariter
1068 1348 1175 1404 statue-

96 1452 167 1505 runt
189 1452 281 1525 atque
304 1443 496 1519 difinierunt;
524 1451 645 1504 etcum
667 1443 882 1523 presentaliter
902 1443 1035 1506 tuissent
1055 1444 1175 1524 capitula

96 1543 156 1606 ista
188 1545 313 1618 relicta,
353 1546 495 1608 omnibus
527 1545 728 1624 placuerunt,
760 1554 791 1607 et
822 1553 986 1625 preueutes
1019 1545 1177 1608 adsensum

97 1653 269 1709 statuerunt
287 1646 458 1719 uobiscum,
480 1656 513 1710 ut
527 1647 725 1710 nihilominus
740 1667 797 1727 per
814 1647 955 1709 ordinem
970 1646 1178 1743 scriberentur.

179 1753 228 1816 70.
251 1751 273 1815 l.
317 1749 348 1810 Si
369 1749 448 1810 iuter
467 1750 579 1812 iratres
601 1769 658 1830 per
680 1749 884 1831 quadraginta
905 1753 1005 1812 annos
1027 1750 1178 1831 possessio

95 1850 187 1912 fuerit
201 1852 240 1912 de
261 1854 354 1913 rebus
377 1871 433 1914 seu
455 1851 494 1911 dc
516 1851 595 1914 cesis
617 1853 669 1913 uel
692 1852 730 1912 de
751 1851 841 1914 terris
856 1870 936 1931 quae
957 1851 1093 1914 indiuisa
1107 1860 1179 1926 sunt,

95 1953 146 2014 uel
166 1973 224 2033 per
237 1961 392 2034 parentes,
416 1953 468 2033 qui
488 1972 545 2034 per
559 1953 763 2035 quadraginta
778 1972 876 2016 anuos
891 1954 1181 2038 posseditnqueliter

94 2056 245 2135 presumit
266 2057 369 2116 dicere
397 2075 453 2136 per
482 2064 713 2136 sagramentum
740 2057 780 2117 ad
809 2061 916 2117 sancte
936 2056 987 2116 dei
1017 2057 1178 2138 euangelia,

96 2157 180 2238 quod
204 2159 243 2218 de
263 2157 366 2218 habeo
379 2166 443 2220 ,aut
464 2159 502 2218 de
523 2158 628 2229 fratre,
651 2165 703 2219 aut
726 2157 824 2238 qualis
845 2175 960 2239 pareus
980 2158 1085 2234 fuerit,
1106 2160 1176 2240 quod

94 2260 179 2339 ipsas
201 2279 251 2324 res
274 2279 346 2322 suas
368 2261 466 2322 factas
488 2260 605 2333 habuit,
628 2268 681 2322 aut
701 2277 758 2340 per
779 2259 946 2321 donatione
967 2269 1022 2323 eut
1043 2280 1172 2323 commu-

95 2362 210 2424 tatione
223 2369 276 2424 aut
286 2363 509 2443 conparatione
521 2370 574 2425 aut
585 2362 623 2424 de
635 2362 843 2436 extimatione,
854 2369 907 2424 eut
918 2364 1080 2443 quomodo
1092 2382 1177 2444 pree-

96 2464 262 2544 sumpserit
270 2464 371 2525 dicere
383 2472 436 2526 aut
447 2464 588 2527 firmare:
600 2464 699 2526 leceat
710 2482 780 2526 eum
788 2473 900 2544 postea
909 2465 994 2544 ipsas
1005 2484 1059 2528 res
1070 2465 1178 2528 habere

96 2572 127 2627 et
140 2567 320 2644 possedere.
349 2566 433 2629 Alias
448 2586 525 2629 uero
540 2586 601 2639 res,
618 2586 698 2647 quae
713 2566 832 2629 diuisae
845 2567 969 2629 fuerunt
981 2567 1063 2629 inter
1076 2568 1178 2630 fratres

96 2674 148 2728 aut
168 2675 308 2747 nepotes,
330 2669 381 2730 uel
399 2669 451 2731 ubi
466 2687 612 2730 mensura
631 2676 730 2742 tracta
745 2676 800 2743 est,
824 2676 924 2732 sortes
947 2676 1065 2733 stantes
1088 2671 1179 2732 adae-

95 2775 236 2848 quentur.
279 2770 359 2831 Nam
386 2771 439 2832 ubi
459 2789 516 2852 per
538 2770 742 2851 quadraginta
763 2789 862 2834 anuos
883 2777 1032 2833 mensura
1053 2771 1178 2833 menime

95 2869 265 2932 amboleuit
286 2879 317 2933 et
338 2892 433 2935 causa
453 2880 618 2953 pronatum
639 2872 739 2946 fuerit,
763 2873 847 2953 quod
867 2872 934 2934 iure
949 2873 1054 2954 quieto
1068 2888 1179 2953 posse-

96 2970 202 3044 dissit,
235 2972 313 3035 sicut
345 2975 486 3055 superius
519 2974 649 3056 legitur,
682 2992 739 3055 per
774 2982 1004 3056 sagramentum
1042 2974 1179 3050 finietur3

94 3082 223 3154 excepto
246 3075 272 3138 si
294 3076 497 3138 communiter
518 3076 632 3157 aliquid
653 3077 832 3157 possedeut.

177 3182 227 3243 71.
251 3180 287 3244 ll.
331 3180 362 3241 Si
384 3179 451 3260 quis
473 3179 534 3242 elio
558 3170 626 3241 asto
649 3178 870 3259 conpellauerit
891 3179 930 3238 de
951 3198 1069 3259 pugna,
1102 3179 1180 3260 quod

94 3280 177 3370 solet
193 3279 262 3341 fieri
288 3283 345 3362 per
370 3301 486 3368 prauus
508 3300 675 3362 personas,
707 3288 837 3360 preueat
863 3287 1096 3360 sagramentum
1118 3281 1181 3362 ipse

94 3383 145 3463 qui
167 3384 322 3464 conpellat
343 3384 445 3458 solus,
475 3392 506 3446 et
527 3382 607 3444 dicat
628 3382 760 3455 iuratus,
791 3382 863 3464 quia
890 3401 953 3442 nou
983 3389 1051 3444 asto
1079 3383 1180 3445 auimo

93 3504 164 3546 eum
191 3505 248 3566 per
275 3506 379 3568 pugne
408 3486 536 3548 faticare
564 3493 692 3566 querat,
725 3484 783 3547 uisi
809 3485 892 3565 quod
923 3490 1040 3546 certam
1068 3485 1183 3547 habeat

94 3588 277 3667 suspitione,
291 3589 365 3652 'siue
388 3590 427 3649 de
448 3589 531 3651 fu'rto
552 3587 659 3660 fuerit,
687 3587 753 3649 siue
775 3586 815 3646 de
835 3586 994 3658 incendio,
1027 3593 1081 3648 eut
1101 3584 1183 3648 und'e

91 3688 161 3769 ipsa
187 3691 370 3770 conpellatio
388 3691 509 3771 agitur.
556 3689 595 3751 Et
623 3690 650 3752 si
676 3689 738 3750 hoe
762 3687 923 3764 iurauerit,
951 3694 1063 3770 postea
1089 3689 1185 3750 undet

92 3792 202 3852 exinde
224 3812 344 3874 pugua3
378 3793 404 3856 si
426 3800 529 3887 eutem
556 3791 689 3852 menime
715 3791 818 3852 iurare
839 3790 1097 3872 praesumpserit,
1120 3811 1183 3853 uon

92 3891 148 3955 tiat
168 3894 237 3974 ipsa
259 3914 354 3957 causa
374 3915 431 3977 per
452 3913 556 3977 pugne
576 3893 709 3955 iudicata
731 3900 785 3955 aut
805 3891 900 3958 linita.

175 3999 224 4060 72.
246 3997 296 4063 lll.
340 3997 372 4058 Si
393 3997 462 4078 quis
483 3997 561 4064 liber
581 3996 678 4058 homo
701 3996 742 4058 ad
763 3995 857 4058 alium
877 3995 1008 4057 liberum
1022 3995 1184 4057 hominem

93 4097 253 4160 consilium
276 4101 395 4162 dederit
416 4101 589 4182 periurare,
612 4107 665 4161 aut
686 4117 761 4161 casa
782 4097 906 4160 alterius
927 4097 1107 4173 incendere,
1130 4097 1184 4159 ubi

91 4199 187 4261 homo
211 4221 279 4264 cum
300 4204 393 4266 rebus
424 4203 487 4265 suis
508 4202 678 4276 inhabitat,
709 4206 762 4262 aut
788 4200 947 4262 mulierem
977 4200 1111 4271 alienam
1131 4199 1184 4262 uel
