2574 4710
128 341 168 404 22
251 295 254 299 ’
282 418 283 425 g
363 335 528 400 noturus
550 337 727 401 uoruxur
749 338 834 407 exn.
856 341 987 405 64-75.

216 526 266 590 ol.
310 525 356 585 De
372 525 541 586 secundum
562 524 697 605 digitum.
735 524 767 585 Si
790 523 857 603 quis
881 522 930 584 alii
953 525 1123 585 secundum
1148 524 1227 606 digi-

132 632 197 687 tum
220 627 258 687 de
281 646 374 688 manu
397 626 574 701 excusserit,
598 633 757 707 conponat
779 626 897 688 solidos
921 627 1066 688 sedicem.

217 733 268 794 65.
311 729 357 789 De
379 728 501 790 tertium
524 728 661 810 digitum.
716 729 747 789 Si
775 728 842 809 quis
871 729 921 790 alii
950 729 1074 790 tertium
1102 729 1228 810 digitum
1273 806 1277 817 Ι

134 831 173 892 de
197 851 289 892 manu
313 830 497 904 excusserit,
529 834 614 912 quod
642 840 690 895 cst
718 831 896 906 medianus,
926 839 1086 912 conponat
1108 832 1228 895 solidos
1273 852 1277 911 ÷

84 976 87 983 ·
135 933 279 1014 quinque.
1275 926 1277 937 '

179 1036 182 1048 '
218 1037 269 1100 66.
312 1035 358 1095 De
382 1041 524 1116 quartum
548 1034 683 1115 digitum.
727 1035 757 1096 Si
780 1036 847 1116 quis
870 1036 921 1098 alii
937 1042 1080 1117 quartum
1102 1035 1228 1116 digitum
1275 1021 1277 1025 ¹

135 1137 313 1210 excusserit,
336 1145 495 1217 conponat
517 1137 636 1199 solidos
660 1146 741 1204 octo.
868 1202 871 1207 ,

219 1243 267 1305 67.
310 1240 358 1300 De
380 1239 487 1319 quinto
511 1238 647 1320 digitum.
701 1239 732 1300 Si
754 1239 822 1320 quis
849 1238 986 1318 quintum
1017 1238 1146 1320 digitum
1175 1259 1229 1301 ex-

136 1342 275 1415 cusserit,
298 1348 457 1422 conponat
479 1340 598 1403 solidos
620 1342 765 1408 sedicem.

220 1447 271 1508 66.
313 1444 360 1504 De
381 1442 529 1504 incisione
552 1444 676 1523 pedum.
721 1444 750 1505 Si
774 1443 841 1524 quis
857 1443 908 1504 alii
922 1444 1036 1523 pedem
1050 1443 1228 1516 excusserit,

138 1545 335 1606 medietatem
357 1545 467 1626 praetii
489 1544 586 1625 ipsius
609 1546 637 1606 ei
660 1553 833 1626 conponat3
865 1554 896 1606 et
918 1545 944 1607 si
966 1545 1119 1608 sideratus
1142 1545 1231 1606 fuerit

138 1655 168 1708 et
189 1667 252 1708 non
274 1647 512 1728 perexcusserit,
535 1653 646 1727 quarta
662 1655 751 1728 parte
765 1648 876 1728 praetii
897 1648 993 1729 ipsius
1017 1646 1045 1708 ei
1066 1654 1234 1728 conponat.

223 1753 273 1833 69.
316 1750 362 1810 De
384 1750 517 1831 pulicem
544 1749 644 1830 pedis.
701 1749 733 1808 Si
761 1749 828 1829 quis
851 1750 903 1812 alii
929 1748 1061 1831 policem
1090 1751 1128 1810 de
1150 1750 1233 1829 pede

140 1851 319 1926 excusserit,
343 1860 500 1933 conponat
522 1851 640 1914 solidos
663 1850 807 1913 sedicem.

225 1958 275 2017 76.
317 1955 364 2015 De
387 1956 523 2016 secundo
547 1954 652 2035 digito.
698 1953 819 2034 Siquis
843 1954 893 2015 alii
915 1956 1084 2017 secundum
1106 1953 1232 2034 digitum

141 2056 180 2116 de
201 2057 282 2136 pede
304 2059 483 2131 excusserit,
507 2063 665 2138 conponat
686 2054 805 2119 solidos
828 2076 893 2117 sex.

226 2161 276 2224 71.
320 2159 351 2221 Si
372 2160 496 2221 tertium
518 2154 644 2241 digitum
665 2159 753 2240 pedis
775 2157 952 2232 excusserit,
975 2165 1134 2238 conponat
1156 2157 1236 2220 soli-

143 2261 201 2323 dos
223 2270 298 2324 tres.
1254 2248 1257 2253 ⁴

227 2368 278 2429 72.
322 2365 353 2427 Si
380 2373 523 2445 quartum
551 2364 678 2444 digitum
713 2363 897 2437 excusserit,
932 2369 1090 2443 conponat
1118 2360 1237 2423 solidos

43 2531 47 2539 ,
142 2472 217 2528 tres.

228 2571 279 2634 73.
323 2569 354 2629 Si
377 2569 515 2648 quintum
531 2568 656 2648 digitum
671 2566 759 2647 pedis
782 2567 960 2640 excusserit,
983 2574 1141 2647 conponat
1157 2565 1238 2628 soli-

145 2668 203 2732 dos
227 2671 299 2731 duo.

224 2755 281 2837 74.
323 2769 357 2831 ln
379 2771 480 2833 omnis
502 2771 578 2832 istas
600 2769 708 2851 plagas
731 2778 784 2832 aut
803 2771 910 2834 feritas
933 2771 1073 2853 superius
1095 2770 1239 2850 scriptas,

147 2892 228 2953 quae
248 2874 328 2936 inter
348 2873 484 2936 hominis
506 2873 621 2934 liberos
644 2873 818 2946 eueneriut,
847 2874 918 2935 ideo
941 2874 1092 2936 maiorem
1113 2892 1241 2953 conpo-

146 2975 291 3037 sitionem
311 2977 471 3056 posuimus
496 2995 589 3056 quarn
617 2974 734 3055 antiqui
755 2976 870 3050 nostri,
900 2985 932 3038 ut
952 2976 1052 3050 laida,
1086 2976 1169 3056 quod
1192 2982 1242 3034 est

145 3077 311 3151 inimicitia,
333 3087 406 3158 post
427 3086 553 3159 accepta
569 3077 779 3159 suprascripta
795 3080 1007 3159 conpositione
1021 3084 1240 3160 postponatur,

148 3187 178 3240 et
200 3178 330 3260 amplius
352 3200 416 3242 uon
437 3181 626 3261 requiratur,
656 3199 713 3240 nec
736 3180 825 3244 dolus
847 3189 1002 3255 teneatur,
1029 3182 1085 3243 sed
1113 3179 1152 3242 sit
1181 3179 1241 3241 sibi

150 3302 244 3345 causa
265 3282 369 3357 finita,
400 3283 533 3345 amicitia
561 3291 746 3344 manentem.
799 3285 838 3346 Et
859 3283 885 3345 si
906 3283 1067 3365 contigerit
1089 3284 1128 3344 de
1154 3282 1241 3363 ipsas

110 3420 114 3430 ·
148 3385 257 3466 plagas
279 3386 360 3448 intra
388 3386 460 3448 anni
488 3385 621 3466 spatium
645 3387 696 3467 qui
725 3386 867 3466 plagatus
895 3393 942 3447 est
970 3386 1064 3460 mori,
1094 3392 1166 3446 tunc
1191 3385 1243 3444 ille

151 3487 202 3566 qui
224 3507 294 3548 eurn
316 3489 451 3569 plagauit
467 3495 632 3568 conponat,
655 3489 786 3568 qualiter
799 3488 831 3547 in
847 3487 1122 3569 angar-gathungi,
1145 3487 1245 3550 idest

151 3590 319 3651 secundum
343 3591 521 3671 qualitatem
543 3606 708 3669 personae.

234 3696 284 3756 75.
327 3693 374 3752 De
395 3692 526 3763 infante,
556 3690 582 3752 si
603 3689 635 3750 in
658 3697 746 3750 utero
775 3691 882 3754 matris
912 3693 1031 3754 occisus
1060 3690 1162 3751 fuerit.
1212 3689 1244 3748 Si

150 3792 252 3855 inians
281 3793 312 3853 in
339 3802 428 3855 utero
465 3793 570 3855 matris
604 3812 679 3854 suae
700 3792 835 3854 nolendo
858 3794 978 3856 occisus
1005 3793 1097 3854 fuerit
1119 3794 1159 3853 ab
1183 3790 1245 3851 ali-

153 3914 259 3974 quem:
289 3895 315 3958 si
340 3895 408 3975 ipsa
428 3895 536 3956 mulier
558 3894 655 3956 libera
683 3902 730 3956 est
752 3902 783 3955 et
803 3896 953 3969 euascrit,
981 3895 1192 3975 adpraetietur
1213 3901 1248 3953 ut

152 3996 249 4057 libera
272 3999 441 4058 secundum
463 3997 654 4058 nobilitatem
677 4017 775 4070 suam,
799 4005 829 4059 et
849 3999 1045 4060 medietatem
1069 3998 1153 4077 quod
1176 3996 1247 4075 ipsa

153 4099 297 4172 ualuerit‚
331 4099 434 4161 infans
463 4099 531 4179 ipsc
561 4109 763 4180 conponatur.
828 4101 907 4162 Nam
935 4101 961 4162 si
991 4107 1114 4161 mortua
1145 4097 1247 4168 fucrit,

153 4209 311 4283 conponat
333 4221 401 4263 eam
424 4202 593 4265 secundum
616 4202 855 4282 generositatem
877 4222 981 4277 suam,
1009 4209 1139 4281 excepto
1163 4199 1247 4280 quod
