2574 4710
309 369 474 433 EDICTVS
496 368 674 433 ROTHARl
696 368 778 434 cal).
801 369 979 433 alo-222.
1156 364 1196 428 45

88 559 184 618 Tunc
217 555 270 616 illa
304 557 421 635 absque
454 555 635 636 morgingab
666 562 719 616 aut
751 552 865 633 aliquid
899 551 938 611 de
970 552 1063 611 rebus
1097 547 1199 609 mariti

90 664 275 720 reuertatur
305 656 363 719 sibi
390 658 429 718 ad
457 664 603 737 parentes
632 677 706 718 suos
735 674 803 716 cum
826 656 933 727 rebus,
962 654 988 715 si
1016 653 1136 734 aliquas
1159 652 1198 711 de

95 768 250 841 parentes
280 759 430 823 adduxit.¹
474 759 513 820 Et
538 758 565 821 si
590 757 645 819 filii
680 760 718 818 de
744 757 813 837 ipsa
849 757 977 817 muliere
1010 754 1137 827 suerint,
1170 759 1201 813 et

96 861 257 924 noluerint
277 861 309 921 in
337 879 409 922 casa
437 861 535 941 patris
558 861 681 932 sedere,
711 878 762 921 res
790 866 938 939 paternas
966 857 1142 932 demittant,
1171 863 1201 915 et

98 963 263 1025 mundium
284 982 343 1044 pro
366 982 400 1024 se
421 964 563 1034 reddant,
587 970 736 1044 quantum
757 981 816 1043 pro
840 969 938 1023 matre
961 980 1070 1022 eorum
1093 960 1200 1020 datum

96 1074 156 1139 est,
181 1073 213 1127 et
233 1066 350 1127 undant
372 1064 428 1127 sibi
450 1065 503 1126 ubi
523 1064 677 1126 noluerint
697 1064 813 1129 liberi..

186 1170 260 1232 217.
303 1169 349 1227 De
369 1167 476 1229 haldia
498 1167 550 1246 qui
573 1186 698 1229 seruum
720 1167 865 1228 maritum
886 1167 998 1231 tulerit.
1042 1167 1074 1227 Si
1095 1164 1200 1226 haldia

99 1276 156 1330 aut
176 1269 288 1330 liberta
309 1268 340 1328 in
362 1288 436 1330 casa
464 1269 564 1330 aliena
593 1269 633 1329 ad
656 1269 800 1329 maritum
828 1269 991 1330 intrauerit
1016 1276 1047 1329 et
1075 1288 1201 1330 seruum

102 1371 222 1448 tulerit,
252 1371 425 1432 libertatem
454 1390 543 1433 suam
573 1372 701 1434 amittat.
752 1373 791 1432 Et
813 1372 838 1433 si
862 1371 1005 1433 dominus
1035 1369 1203 1430 neclexerit

102 1492 174 1535 eam
196 1473 357 1552 replecare
380 1473 419 1533 ad
435 1473 604 1544 seruitium,
627 1482 750 1536 mortuo
767 1482 872 1555 tamen
888 1475 1010 1550 marito,
1033 1475 1129 1535 uadat
1144 1474 1201 1535 sibi

105 1593 257 1635 unacum
278 1573 350 1637 filiis
373 1575 436 1637 suis
460 1582 581 1636 etcum
603 1576 703 1638 onmis
726 1596 776 1638 res
800 1596 886 1649 suas,
911 1583 1042 1658 quantas
1065 1576 1095 1636 in
1118 1583 1203 1637 tem-

103 1695 198 1756 pore,
221 1678 348 1756 quando
377 1678 416 1738 ad
444 1677 588 1739 maritum
616 1678 757 1752 intrauit,
788 1698 893 1741 secum
927 1678 1064 1743 adduxit.
1123 1678 1203 1738 Nam

102 1778 237 1857 amplius
254 1779 337 1840 nulla
354 1785 575 1859 consequatur:
597 1780 705 1842 uitium
728 1800 817 1843 suum
840 1780 962 1860 reputit,
986 1780 1059 1860 quia
1078 1799 1203 1842 seruum

98 1879 271 1945 consensit

189 1983 262 2047 218.
298 1982 345 2043 'Si
370 1983 492 2044 haldius
522 1983 660 2045 haldiam
692 2003 822 2044 uxorem
852 1984 963 2048 tulerit.
1024 1985 1055 2046 Si
1081 1985 1205 2046 haldius

103 2084 329 2164 cuiuscumque
356 2083 462 2146 haldia
491 2093 544 2148 aut
573 2085 683 2146 liberta
710 2104 842 2146 uxorem
870 2085 986 2157 tulerit,
1017 2085 1043 2146 si
1064 2084 1146 2147 filibs
1169 2105 1207 2146 ex

103 2185 176 2266 ipso
207 2185 290 2248 coito
313 2185 472 2260 habuerit,
500 2187 582 2266 patri
608 2183 791 2268 sequantur:
825 2187 886 2248 sint
912 2186 1008 2247 haldii
1038 2187 1146 2266 quales
1178 2196 1208 2247 et

103 2295 203 2367 pater.

191 2392 265 2456 219.
310 2389 342 2449 Si
368 2389 491 2452 haldius
520 2389 663 2450 ancillam
690 2408 779 2450 suam
808 2396 860 2451 aut
890 2388 1014 2450 alterius
1041 2390 1143 2450 tulerit
1166 2391 1206 2453 ad

106 2511 249 2568 uxorem,
271 2491 326 2552 filii
350 2492 402 2572 qui
424 2512 462 2575 ex
485 2511 522 2553 ea
543 2498 725 2567 nascuntur,
753 2492 813 2554 sint
835 2491 918 2555 serui
945 2491 1030 2554 cuius
1056 2499 1087 2552 et
1108 2501 1207 2554 mater

102 2594 228 2658 ancilla.

192 2699 266 2761 220.
311 2695 342 2756 Si
364 2696 474 2757 ancilla
497 2695 714 2775 cuiuscumque
736 2696 767 2756 in
790 2716 895 2758 casam
911 2695 1037 2758 alterius
1054 2696 1093 2756 ad
1109 2694 1209 2755 mari-

104 2807 174 2860 tum
203 2797 367 2859 intrauerit
388 2805 418 2858 et
439 2816 564 2858 seruum
586 2797 703 2871 tulerit,
731 2798 808 2859 nihil
830 2800 869 2859 de
896 2798 965 2879 ipsa
995 2816 1069 2859 casa
1097 2791 1207 2857 marito

104 2908 235 2962 mortuo
259 2908 477 2981 consequatur,
499 2898 557 2960 nisi
580 2908 729 2978 quantum
751 2919 856 2960 secum
879 2900 1016 2965 adduxit.

196 3003 269 3066 221.
315 3002 346 3063 Si
376 3001 484 3063 seruus
513 2999 643 3060 liberam
672 3001 833 3061 mulierem
863 3007 916 3062 aut
947 3001 1082 3081 puellam
1115 3020 1209 3062 ausus

104 3103 204 3165 fuerit
227 3102 286 3165 sibi
307 3103 338 3163 in
361 3102 535 3183 coniugium
557 3102 692 3175 sociare,
722 3103 843 3163 animae
863 3121 939 3163 suae
964 3102 1101 3163 incurrat
1122 3101 1210 3181 peri-

108 3205 224 3282 culum,
249 3211 280 3265 et
299 3203 352 3264 illa
375 3203 427 3284 qui
441 3223 566 3283 seruum
580 3203 673 3263 fuerit
687 3203 892 3275 consentiens,
914 3203 1052 3264 habeant
1065 3210 1210 3282 parentes
1263 3204 1272 3223 ‘

110 3313 304 3387 potestatem
327 3308 398 3365 eam
420 3304 580 3366 occidendi
602 3309 655 3363 aut
680 3303 757 3365 foris
784 3304 945 3384 prouincia
971 3303 1210 3373 transuindendi,

113 3415 144 3471 et
168 3409 207 3469 de
229 3427 281 3470 res
304 3408 400 3489 ipsius
423 3407 558 3468 mulieris
581 3403 714 3466 faciendi
736 3405 821 3486 quod
843 3405 1007 3468 noluerint.
1042 3405 1081 3465 Et
1102 3404 1128 3466 si
1150 3423 1212 3484 pa-

110 3519 219 3573 rentes
241 3511 308 3572 eius
330 3510 392 3570 hoc
413 3510 517 3570 facere
533 3507 713 3582 distulerint,
735 3515 807 3568 tunc
828 3507 910 3568 liciat
932 3505 1116 3587 gastaldium
1131 3506 1212 3587 regis

114 3620 170 3675 aut
193 3611 353 3675 sculdhais
379 3611 482 3691 ipsam
503 3612 534 3671 in
557 3616 641 3670 curte
667 3608 747 3689 regis
770 3611 883 3670 ducere
906 3609 987 3670 etin
1009 3608 1107 3688 pisele
1134 3609 1214 3670 inter

110 3715 244 3778 ancillas
267 3721 413 3777 statuere.

201 3820 275 3883 222.
323 3816 371 3876 De
398 3814 507 3877 ancilla
535 3814 722 3875 matrimonii
749 3814 856 3895 gratia.
911 3813 943 3874 Si
975 3812 1043 3894 quis
1072 3811 1216 3873 ancillam

112 3939 208 3981 suam
230 3917 393 3999 propriam
416 3916 648 3978 matrimoniare
669 3915 802 3976 uoluerit
823 3915 881 3977 sibi
903 3916 942 3975 ad
966 3934 1105 3982 uxorem,
1128 3914 1168 3975 sit
1189 3911 1217 3973 ei

118 4020 292 4094 licentiam;
315 4027 421 4080 tamen
436 4018 549 4079 debeat
571 4036 639 4077 eam
656 4017 753 4078 libera
774 4016 926 4098 thingare,
949 4017 993 4079 sic
1007 4017 1116 4092 libera,
1133 4014 1217 4096 qnod

120 4224 142 4292 ¹)
163 4223 213 4292 cfr·
233 4229 329 4278 tumen.
369 4221 513 4291 Fumuqadi
531 4224 588 4276 cod.
610 4223 713 4291 dzplom.
735 4221 848 4276 umbros.
867 4237 938 4274 num.
961 4219 984 4291 1,
1005 4223 1041 4274 od
1054 4237 1069 4272 a
1083 4219 1146 4272 721.
