2574 4710
147 354 188 418 oe
361 348 730 412 norcrmnomlnr
752 347 834 415 clu.
857 350 1035 415 aer-367,

148 535 220 616 quia
253 554 355 614 neque
386 534 484 614 patris
524 553 624 615 neque
656 533 753 612 ipsius
793 540 1008 595 sacramentus
1041 538 1146 612 ruptus
1173 553 1220 594 non
1278 584 1281 618 3

145 637 266 712 fuissit3
289 643 400 717 postea
422 636 493 697 iurit
515 636 592 698 sicut
614 655 709 715 supra
732 634 929 697 constitutum
952 642 1009 699 est.
1082 701 1083 704 Ἴ

239 760 310 823 363.
364 756 410 817 lle
444 763 673 818 sacramentnm
706 764 840 834 ruptum.
905 753 1139 815 Sacramentum
1167 762 1224 816 tunc

147 856 332 939 intellegitur
354 865 492 938 ruptum,
523 858 648 938 quaudo
671 858 825 938 presentis
856 863 1056 917 sacrosancta
1083 855 1225 936 euangelia
1259 904 1262 909 .

147 968 202 1022 aut
223 980 311 1022 arma
333 968 465 1035 sacrata,
488 961 555 1040 ipse
575 960 626 1040 qui
647 961 796 1040 pulsatur,
820 978 890 1020 cum
912 956 1144 1019 sacramentalis
1166 977 1225 1018 suos

148 1063 373 1135 coniuncxerit,
403 1072 433 1123 et
454 1082 516 1123 non
548 1062 705 1124 ausauerit
726 1063 845 1134 iurare,
876 1067 928 1121 aut
954 1060 1021 1139 ipse
1051 1067 1104 1119 aut
1132 1057 1226 1138 aliquis

149 1165 188 1225 de
211 1163 453 1226 sacramentales
470 1183 543 1225 snos
560 1183 594 1225 se
610 1166 812 1238 subtraxerit;
834 1173 906 1225 tune
927 1162 1115 1243 intellegitur
1134 1179 1228 1222 sacra-

148 1274 286 1327 mentum
308 1273 441 1346 ruptum.

233 1389 304 1452 364.
348 1386 394 1445 De
417 1404 465 1458 eo,
489 1385 540 1466 qui
563 1384 648 1465 prius
678 1385 930 1446 mauefestauerit
959 1392 989 1445 et
1016 1389 1229 1445 sacramentnm

149 1487 310 1568 promittit.
347 1487 379 1546 Si
401 1507 459 1567 pro
483 1506 678 1567 quacumque
700 1487 789 1568 culpa
811 1488 908 1548 homo
932 1486 1071 1566 pulsatus
1094 1483 1184 1545 fuerit
1202 1485 1227 1544 al

149 1589 226 1660 alio,
255 1596 286 1650 et
307 1589 481 1668 negauerit,
510 1589 601 1650 liceat
622 1608 692 1649 eum
722 1609 756 1651 se
784 1590 931 1649 eduniare
954 1588 1125 1650 secundum
1146 1586 1232 1666 legen

150 1699 181 1753 et
203 1690 384 1771 qualitatem
412 1710 535 1753 causae.
586 1691 618 1751 Si
646 1699 748 1752 autem
778 1690 1031 1753 manetestauerit
1060 1707 1095 1751 se
1121 1687 1233 1757 fecissit,
1277 1734 1281 1767 ,

149 1800 309 1872 conponat
331 1794 501 1854 secundum
524 1793 608 1873 quod
630 1792 661 1853 in
682 1792 744 1853 hoc
767 1794 899 1855 edictum
920 1793 1040 1872 legitur.
1077 1791 1155 1850 Nam
1174 1787 1235 1848 nulli
1279 1780 1281 1797 '

149 1894 248 1968 liceat,
271 1902 438 1974 postquam
461 1894 545 1974 prius
569 1894 829 1967 mauefestauerit,
851 1902 963 1974 postea
984 1914 1041 1974 per
1063 1909 1235 1954 sacramen·
1278 1878 1281 1891 '

149 2005 215 2058 tum
237 2015 362 2076 negare,
386 1997 469 2077 quod
492 2015 555 2057 non
577 1996 616 2057 sit
637 1997 817 2076 culpabiles,
844 2003 1010 2076 postquam
1032 1996 1101 2075 ipse
1123 2013 1157 2055 se
1179 1991 1236 2052 cul-

151 2098 288 2178 pabilem
311 2099 462 2178 adsignat.
500 2097 580 2169 Quia
603 2100 715 2160 multus
738 2098 942 2178 cognouimus
964 2098 995 2157 in
1017 2115 1116 2177 regno
1139 2102 1236 2155 nostro

153 2201 231 2262 tales
263 2220 379 2281 prauas
411 2207 607 2281 opponentes
636 2200 844 2272 intentiones,
877 2200 956 2260 haec
989 2218 1049 2260 nos
1085 2201 1238 2258 mouerunt

151 2310 330 2382 presentem
345 2321 508 2383 corregere
529 2302 630 2382 legem
653 2296 684 2363 et
705 2303 744 2364 ad
768 2302 929 2363 meliorem
951 2309 1065 2364 statum
1084 2315 1239 2362 reuocare.

236 2425 308 2488 365.
350 2423 398 2482 De
420 2421 557 2482 debitum
578 2421 675 2501 patris
699 2423 820 2486 mortui.
872 2422 902 2482 Si
926 2421 993 2502 quis
1021 2426 1241 2501 postmortem

153 2523 252 2602 patris
281 2523 379 2583 lilium
412 2524 451 2583 de
479 2523 616 2590 debitum
646 2523 863 2603 appellauerit,
895 2526 979 2604 quod
1009 2528 1099 2604 pater
1128 2519 1242 2581 debitor

152 2624 267 2695 fuissit,
298 2632 328 2685 ct
349 2623 429 2686 filius
452 2624 626 2705 negauerit,
654 2624 695 2685 ita
718 2625 911 2688 decernimus
938 2632 971 2686 ut
996 2626 1148 2704 praebeat
1169 2620 1242 2681 filius

155 2734 384 2786 sacramentum
407 2726 576 2787 secundum
600 2725 777 2806 qualitatem
799 2728 950 2808 pecuniae
973 2726 1054 2811 [cap.
1078 2728 1151 2792 359.
1167 2721 1242 2804 366l

154 2827 236 2911 unde
257 2827 412 2905 pulsatur,
437 2829 520 2907 quod
543 2834 632 2908 pater
653 2828 751 2907 ipsius
774 2829 801 2888 ei
824 2829 945 2891 debitor
967 2848 1030 2890 non
1051 2826 1170 2899 fuissit3
1198 2831 1244 2884 aut

155 2947 213 3008 per
233 2947 338 3009 pugna
362 2929 516 3001 defendat,
540 2929 566 2990 si
588 2928 731 3009 potuerit.

245 3051 316 3113 366.
366 3048 397 3107 Si
429 3047 532 3128 aliqua
564 3049 644 3110 inter
676 3049 862 3111 creditorem
895 3058 926 3121 et
952 3048 1124 3109 debiturum
1159 3054 1246 3125 atque

155 3149 373 3212 fideiussorem
395 3151 563 3213 surrexerit
584 3151 722 3224 intentio,
746 3160 777 3212 et
798 3151 909 3212 dixerit
930 3151 1077 3211 creditor:
1106 3146 1246 3228 „quiain

155 3255 216 3315 tale
237 3261 401 3333 praetexto
422 3253 537 3313 uuadia
559 3253 711 3333 suscepi“,
743 3262 773 3314 et
794 3253 962 3315 fideiussor
983 3250 1158 3332 negauerit,
1189 3268 1247 3309 non

86 3402 90 3408 .
156 3361 203 3417 est
236 3374 330 3416 causa
368 3353 546 3416 fideiussori
586 3361 814 3417 sacramentum
851 3374 1000 3434 preuere;
1038 3352 1098 3414 nisi
1131 3350 1249 3412 debitur

156 3457 295 3538 singulus
320 3457 401 3541 [cup.
417 3457 489 3540 230]
514 3458 684 3519 satisfaciat
699 3458 806 3519 autad
822 3457 993 3537 euangelia,
1016 3460 1069 3515 aut
1090 3454 1130 3514 ad
1147 3471 1247 3514 arma:

156 3559 250 3638 „quia
271 3561 303 3621 in
326 3559 387 3620 tale
410 3559 543 3638 capitulo
567 3578 624 3619 nec
638 3559 752 3620 uuadia
768 3559 838 3618 dedi
855 3576 912 3618 nec
927 3557 1114 3619 fideiussore
1129 3556 1248 3636 posui‘.

240 3681 311 3742 367.
354 3678 400 3736 De
423 3697 611 3759 uuaregang.
656 3679 772 3740 Omnes
794 3697 984 3758 uuaregang‚
1008 3677 1114 3757 quide
1130 3662 1250 3737 enteras

157 3778 235 3841 fines
265 3779 296 3838 in
328 3779 414 3858 regni
446 3782 543 3841 nostri
573 3780 686 3841 finibus
717 3781 915 3853 aduenerint,
950 3798 1045 3858 seque
1077 3780 1134 3841 sub
1166 3785 1251 3852 scuto

157 3879 319 3960 potestatis
335 3887 463 3941 nostrae
480 3883 689 3955 subdederint,
705 3881 824 3962 legibus
840 3882 953 3943 nostris
969 3881 1251 3961 langobardorum¹

157 3982 263 4042 uiuere
296 3982 445 4054 debeant,
472 3983 531 4045 nisi
563 3984 589 4045 si
616 3984 708 4045 aliam
741 3985 840 4064 legem
868 3985 907 4044 ad
937 3983 1084 4062 pietatem
1112 3990 1253 4045 nostram

158 4185 177 4254 ¹)
198 4183 250 4253 cfr.
271 4202 328 4254 cup.
348 4185 411 4240 226.
450 4188 522 4242 Paul.
545 4189 619 4244 Dirc.
641 4191 684 4244 ru.
706 4191 751 4244 ΙΙΙ.
773 4207 830 4260 cap.
852 4191 876 4243 6.
