2574 4710
346 342 510 406 uolutus
532 343 708 406 ROTHARI
730 344 811 410 CAP.
835 347 968 412 51-63.
1157 349 1195 412 21

99 530 154 612 qui
176 530 206 592 in
230 530 295 606 risu
317 529 455 609 apparit,
477 548 535 610 pro
558 549 619 591 uno
643 529 765 590 dentem
788 529 832 591 dit
853 530 970 593 solidos
994 531 1137 606 sidicem;
1171 531 1196 594 si

99 635 165 694 duo
190 640 243 694 aut
264 630 396 711 amplius
418 631 530 693 luerint
550 630 581 691 in
605 631 669 694 risu
692 632 888 712 apparentis,
910 653 966 713 per
984 632 1046 694 hoc
1066 654 1196 696 numero

99 742 321 816 conponantur
342 741 373 795 et
394 732 591 814 adpretietur.
678 807 681 811 Ι

187 841 239 904 52.
282 837 328 896 De
351 836 457 897 dentes
482 835 669 902 maxillares.
712 835 743 896 Si
760 835 826 916 quis
843 833 1033 897 allidentem
1049 838 1196 899 maxilla-

99 960 166 1001 rem
189 958 286 1000 unum
308 945 361 1000 aut
381 937 485 1018 plures
509 929 687 1010 excusserit,
709 958 766 1018 per
788 958 881 998 unum
898 939 1021 1000 dentem
1037 948 1195 1020 conponat

99 1042 220 1106 solidos
244 1048 325 1105 octo.

184 1146 236 1208 53.
279 1143 325 1203 De
351 1160 426 1202 aure
455 1141 587 1208 abscisa.
645 1142 676 1202 Si
709 1141 775 1222 quis
803 1141 853 1202 alii
885 1160 992 1203 aurem
1020 1141 1192 1217 absciderit,

98 1253 244 1327 quartam
266 1251 387 1324 partem
408 1244 498 1324 pretii
519 1244 617 1326 ipsius
640 1244 668 1304 ei
689 1252 854 1325 conponat.

186 1367 237 1431 54.
280 1365 326 1424 De
348 1364 440 1445 plaga
461 1365 493 1425 in
514 1365 604 1430 facie.
654 1364 684 1425 Si
707 1364 775 1445 quis
797 1364 848 1427 alii
874 1366 999 1446 plagam
1027 1365 1059 1426 iu
1080 1366 1192 1427 faciem

98 1467 216 1540 fecerit,
238 1474 397 1547 conponat
419 1467 446 1528 ei
469 1466 586 1529 solidos
609 1467 754 1532 sedicem.

187 1593 234 1653 55.
277 1588 324 1648 De
345 1587 439 1668 plaga
461 1588 491 1648 in
513 1608 603 1654 naso,
654 1586 685 1648 Si
708 1587 775 1667 quis
803 1587 853 1649 alii
880 1587 1003 1668 plagam
1026 1588 1057 1648 in
1079 1610 1190 1651 nasum

99 1689 216 1762 fecerit,
237 1697 394 1770 conponat
415 1689 443 1749 ci
465 1689 583 1752 solidos
606 1689 750 1762 sedicem,
773 1689 798 1752 si
820 1689 1045 1765 resolidauerit,
1069 1699 1101 1752 ut
1115 1697 1189 1753 tan-

95 1799 162 1852 tum
184 1791 341 1852 cechatrix
362 1798 521 1872 appareat.

181 1895 232 1958 56.
275 1894 322 1954 De
344 1893 436 1974 plaga
456 1893 486 1953 in
510 1913 625 1955 aurem.
670 1892 701 1954 Si
724 1893 791 1973 quis
815 1893 865 1954 alii
887 1895 1010 1976 plagam
1032 1896 1188 1956 inaurem

91 1994 213 2071 lecerit,
237 2003 395 2076 conponat
417 1995 534 2058 solidos
559 1999 606 2066 lli,
629 1995 654 2057 si
677 1995 901 2057 resolidauerit.

180 2119 231 2182 57.
273 2117 320 2177 De
342 2116 470 2177 brachio
492 2115 691 2178 transforato.
742 2116 772 2176 Si
795 2116 862 2196 quis
892 2116 983 2178 alium
1006 2117 1037 2176 in
1059 2117 1187 2178 brachio

92 2218 240 2298 punxerit
261 2226 292 2279 et
313 2218 556 2289 transforauerit‚
581 2225 737 2298 conponat
759 2218 877 2280 solidos
903 2221 950 2284 16.

182 2338 229 2402 58.
274 2336 306 2399 Si
329 2339 395 2419 quis
418 2337 469 2400 alii
489 2337 651 2399 brachium
678 2338 838 2418 puncxerit
866 2346 897 2399 et
924 2357 986 2399 non
1009 2338 1185 2400 translora-

97 2437 184 2512 uerit,
206 2447 365 2521 conponat
387 2441 503 2503 solidos
526 2447 608 2506 octo.

180 2563 230 2626 59.
273 2560 304 2622 Si
333 2561 401 2641 quis
430 2560 523 2622 alium
550 2562 630 2623 intra
658 2580 785 2641 capsum
812 2559 999 2641 plagauerit‚
1030 2567 1186 2642 conponat

92 2661 213 2725 solidos
235 2662 350 2743 uiginti.

179 2766 231 2831 60.
273 2765 320 2825 De
340 2765 433 2846 plaga
454 2765 485 2825 in
507 2785 593 2831 coxa.
644 2765 675 2827 Si
697 2765 764 2846 quis
792 2765 885 2827 alium
911 2765 941 2824 in
964 2783 1042 2825 coxa
1070 2764 1183 2844 plaga-

89 2865 173 2926 uerit
186 2873 240 2928 aut
253 2867 405 2947 punxerit,
425 2867 451 2929 si
466 2868 687 2930 transforatum
701 2857 800 2941 luerit,
821 2873 978 2946 conponat
993 2866 1109 2928 solidos
1126 2868 1182 2941 16;

90 2967 117 3030 si
143 2975 247 3028 autem
267 2967 488 3030 transforatum
510 2990 572 3030 non
593 2970 694 3044 luerit,
717 2977 874 3051 conponat
895 2968 1013 3031 solidos
1036 2975 1119 3031 octo.

177 3089 229 3154 61.
271 3089 318 3148 De
345 3108 475 3150 numero
502 3059 674 3170 plagarum.
716 3089 756 3151 'Si
782 3090 885 3169 plures
916 3090 1025 3169 plagas
1052 3088 1182 3158 luerent,

92 3209 194 3268 usque
216 3190 255 3251 ad
271 3196 333 3252 tres
349 3192 564 3253 tantummodo
587 3199 795 3263 numerentur,
818 3199 849 3252 et
861 3211 918 3271 per
933 3209 1183 3270 unamquamque

90 3289 218 3378 plagam
240 3300 456 3372 conponantur
476 3300 510 3355 ut
531 3312 643 3374 supra;
666 3313 738 3355 nam
761 3292 891 3373 amplius
914 3292 939 3353 si
961 3292 1090 3362 fuerent,
1117 3311 1180 3352 non

91 3400 320 3473 conponantur.

176 3498 229 3562 62.
269 3496 316 3556 De
337 3497 487 3561 incisione
508 3518 629 3564 manus.
682 3498 713 3559 Si
743 3497 810 3578 quis
841 3495 891 3556 alii
919 3513 1044 3555 manum
1073 3492 1180 3554 absci-

92 3595 180 3670 derit,
203 3598 402 3660 medietatem
421 3601 511 3680 pretii
532 3601 638 3681 ipsius,
661 3599 738 3663 sicut
759 3597 946 3680 adpretiatus
968 3596 1069 3667 fuerit,
1097 3614 1133 3657 ac
1155 3592 1181 3657 si

91 3717 163 3759 eum
191 3700 367 3775 occidisset,
401 3701 429 3761 ei
456 3711 631 3784 conponat;
664 3711 694 3763 et
721 3702 746 3765 si
764 3702 816 3776 ¹sic
842 3700 1024 3763 siderauerit
1059 3706 1090 3759 et
1115 3718 1178 3760 non

91 3802 318 3878 perexcusserit
347 3823 365 3864 a
394 3822 543 3884 corpore,
572 3812 713 3885 quartam
741 3812 860 3884 partem
891 3803 1000 3882 praetii
1026 3801 1122 3881 ipsius
1151 3800 1179 3861 ei

89 3911 258 3982 conponat

173 4007 225 4073 63.
271 4006 318 4068 De
340 4006 433 4087 digita
456 4027 576 4074 manus.
627 4007 658 4068 Si
688 4008 756 4088 quis
782 4008 831 4070 alii
859 4007 990 4088 pelicem
1020 4008 1059 4067 de
1087 4025 1180 4066 manu

91 4109 275 4182 excusserit,
299 4117 386 4172 sexta
407 4117 528 4190 partem
549 4110 638 4190 pretii
660 4109 771 4190 ipsius,
802 4111 886 4191 quod
908 4109 1006 4173 homo
1029 4109 1097 4187 ipse
1118 4107 1181 4169 ad·

89 4211 258 4290 praetiatus
280 4212 372 4274 fuerit
394 4213 419 4274 si
441 4233 510 4273 erim
534 4213 700 4283 occidissit‚
723 4212 750 4272 ei
773 4219 938 4291 conponat.
