2574 4710
337 375 502 440 uolutus
524 374 702 439 ROTHARI
724 375 806 438 CAP.
829 376 963 443 75-85.
1021 399 1022 402 ’
1157 378 1198 441 23

89 563 129 625 in
154 570 247 624 utero
269 561 334 624 eius
363 571 518 624 mortuum
540 562 645 634 luerit,
676 567 840 642 utsupra,
873 569 1015 623 cessante
1037 560 1135 633 laida,
1158 579 1196 621 eo

92 667 189 748 quod
211 664 346 726 nolendo
367 665 448 729 lecit.

187 770 238 833 76.
281 767 328 827 De
348 765 470 829 haldids
493 774 524 827 01
545 771 654 828 seruus
677 764 910 831 menisteriales.
958 765 1005 826 De
1031 764 1099 827 illos
1119 784 1196 825 uero

93 869 328 931 munisteriales
358 867 502 942 dicimus,
537 868 588 948 qui
617 868 698 930 docti
730 867 836 929 domni
861 867 965 928 nutriti
994 875 1047 929 aut
1073 866 1197 947 probati

95 980 182 1036 sunt.

185 1075 238 1138 77.
282 1071 313 1132 81
335 1071 402 1151 quis
423 1071 560 1132 haldium
584 1072 718 1133 alienum
733 1079 787 1134 aut
808 1089 932 1133 seruum
948 1071 1195 1132 monasterialem

95 1173 304 1255 percusserit,
332 1173 358 1235 si
389 1173 498 1236 uulnus
526 1182 579 1236 aut
603 1173 684 1235 libor
713 1172 906 1261 apparuerit,
929 1191 987 1252 pro
1017 1193 1079 1234 una
1104 1173 1194 1235 serila

96 1284 260 1357 conponat
281 1276 339 1340 sol.
361 1295 473 1352 unum3
496 1275 522 1338 si
544 1278 621 1338 duas
643 1276 751 1337 lecerit
771 1276 815 1337 dit
836 1275 952 1337 solidos
975 1276 1053 1350 duo;
1084 1275 1109 1337 si
1130 1283 1194 1338 tres

94 1378 208 1439 fecerit
222 1378 266 1439 dit
280 1378 397 1440 solidos
412 1386 492 1454 tres;
515 1378 541 1440 si
564 1386 710 1459 quattuor
723 1377 824 1439 licerit
839 1378 882 1440 dit
897 1377 1013 1440 solidos
1030 1384 1193 1458 quattu0r;

97 1479 126 1542 si
148 1499 223 1542 uero
246 1479 378 1561 amplius
401 1480 567 1554 durauerit,
590 1501 652 1542 non
674 1489 885 1547 numerentur.

186 1602 234 1666 78.
278 1601 309 1661 81
332 1601 400 1681 quis
422 1601 560 1663 haldium
582 1601 715 1663 alienum
738 1612 791 1664 aut
812 1622 936 1664 seruum
953 1599 1192 1663 minesterialem

99 1700 272 1781 plagauerit
292 1702 324 1762 in
346 1710 451 1782 eaput,
479 1711 512 1764 ut
533 1723 606 1766 ossa
628 1724 691 1766 non
712 1712 908 1785 rumpantur,
935 1723 993 1784 pro
1016 1722 1078 1764 una
1099 1703 1192 1782 plaga

97 1803 144 1863 dit
165 1804 281 1866 solidus
304 1805 381 1880 du03
405 1805 431 1866 si
453 1806 530 1867 duas
552 1806 660 1887 plagas
683 1807 797 1880 lecerit,
816 1806 860 1868 dit
881 1806 1038 1878 solidosl,
1061 1812 1191 1884 excepto

94 1924 212 1984 operas
244 1914 274 1967 et
301 1907 461 1969 mercedes
483 1908 610 1984 medici;
637 1909 664 1971 si
686 1929 761 1971 nero
788 1908 919 1989 amplius
947 1908 1056 1990 plagas
1084 1909 1190 1990 capitis

92 2007 213 2081 fecerit,
235 2029 298 2070 non
319 2016 529 2075 numerentur.

183 2130 234 2195 79.
277 2128 308 2190 Si
331 2129 399 2210 quis
421 2129 559 2191 haldium
582 2130 715 2190 alienum
738 2137 790 2190 aut
811 2149 936 2191 seruum
958 2130 1189 2192 ministerialem

94 2231 270 2311 plaganerit
302 2231 333 2291 in
362 2240 471 2312 caput,
501 2239 535 2292 ut
560 2249 634 2292 ossa
662 2239 845 2310 rumpantur
871 2251 966 2291 unum
995 2240 1048 2294 aut
1074 2234 1187 2313 plures,

98 2341 253 2411 conponat
292 2334 408 2396 solidos
449 2339 614 2414 quattuor,
656 2339 785 2413 excepto
818 2352 932 2413 operas
966 2342 996 2394 et
1028 2335 1187 2397 mercedes

98 2432 217 2501 medici.

178 2537 231 2603 80.
273 2537 320 2598 De
340 2539 433 2618 plaga
454 2536 485 2598 in
506 2535 627 2598 faciem.
681 2537 713 2598 Si
735 2536 803 2617 quis
831 2536 946 2598 aldium
974 2537 1107 2599 alienum
1134 2547 1188 2601 aut

92 2657 222 2699 seruum
256 2638 488 2701 ministerialem
516 2640 641 2720 plagam
666 2638 698 2700 in
730 2639 842 2701 faciem
875 2639 996 2712 fecerit,
1032 2645 1188 2722 conponat

89 2739 211 2803 solidos
234 2742 306 2807 duo.
632 2752 636 2760 '

178 2844 231 2909 81.
256 2844 326 2929 ¹De
353 2844 444 2905 oculo
474 2843 592 2910 euulso.
648 2842 678 2904 si
706 2842 774 2924 quis
800 2843 937 2904 haldium
972 2845 1104 2907 alienum
1134 2854 1187 2907 aut

91 2963 222 3006 seruum
249 2944 480 3007 ministerialem
507 2946 630 3006 oculum
658 2944 841 3018 excusserit,
871 2946 1069 3009 medietatem
1096 2949 1187 3029 pretii

90 3045 191 3126 ipsius
207 3048 290 3127 quod
306 3046 496 3126 adpretiatus
518 3046 619 3119 luerit,
642 3045 668 3108 si
690 3067 760 3108 eurn
783 3047 954 3122 occidisset,
977 3049 1006 3111 ei
1021 3058 1184 3131 conponat

178 3167 231 3232 82.
272 3166 320 3227 De
340 3187 452 3228 nasum
475 3165 638 3231 abscisum.
682 3165 714 3227 Si
735 3166 802 3245 quis
824 3166 963 3228 haldium
977 3169 1110 3230 alienum
1133 3179 1186 3232 aut

92 3287 222 3330 seruum
257 3268 488 3331 ministerialem
520 3286 632 3329 nasum
665 3266 846 3340 absciderit,
879 3277 1036 3348 conponat
1069 3271 1184 3334 solidos

91 3378 174 3444 octo,
198 3380 327 3451 excepto
350 3391 463 3451 operas
486 3380 517 3433 et
537 3370 695 3431 mercedes
718 3368 838 3430 medici.

177 3492 230 3558 83.
272 3493 319 3554 De
349 3511 424 3554 aure
453 3491 586 3558 abscisa.
615 3526 617 3530 ·
644 3490 675 3552 Si
705 3489 773 3570 quis
801 3474 940 3551 haldium
970 3491 1103 3554 alienum
1133 3502 1187 3556 aut

92 3610 187 3654 seruo
210 3594 410 3657 ministeriale
437 3615 544 3656 aurem
571 3593 751 3666 absciderit,
780 3600 937 3673 conponat
957 3593 1074 3658 solidos
1097 3597 1185 3671 duos,

91 3703 223 3775 excepto
245 3716 359 3777 operas
382 3703 412 3757 et
434 3696 583 3758 mercedis
606 3695 725 3777 medici.

177 3816 230 3882 84.
273 3817 320 3878 De
346 3817 435 3879 labro
466 3817 597 3882 absciso.
653 3815 684 3877 Si
710 3815 777 3896 quis
807 3813 945 3877 haldium
975 3816 1107 3879 alienum
1134 3828 1188 3882 aut

93 3935 222 3978 seruum
236 3918 468 3981 ministerialem
489 3920 611 3980 labrum
627 3916 799 3990 absciderit,
821 3924 855 3978 ut
875 3918 983 3980 dentes
1006 3929 1187 3999 appareant,

94 4028 252 4099 conponat
274 4020 390 4083 solidos
413 4040 478 4093 sex,
500 4028 629 4100 excepto
651 4038 764 4100 operas
787 4027 818 4081 01
838 4021 989 4082 mercedis
1012 4021 1132 4088 medici.

177 4140 230 4207 85.
272 4141 319 4202 De
342 4141 450 4203 dentes
472 4160 629 4204 excussos.
679 4140 709 4201 Si
732 4139 799 4220 quis
821 4139 959 4202 haldium
973 4132 1115 4203 'alienum
1137 4152 1190 4205 ant

97 4260 222 4303 seruum
245 4243 475 4306 ministerialem
498 4244 622 4305 dentem
650 4242 820 4305 excusserit
841 4263 935 4303 unum
958 4251 1011 4305 aut
1031 4245 1136 4324 plures
1158 4244 1189 4304 in
