2574 4710
96 372 156 436 134
197 367 434 431 lerraanol
454 366 578 430 LEGES
599 367 693 428 thll
714 367 798 432 xlx.
821 366 904 432 CAP.
927 369 1101 433 tto—128.

180 556 249 620 126.
273 554 312 619 X.
356 551 388 613 Si
408 551 530 614 haldius
546 551 765 633 cuiuscumque
779 551 918 621 helciam
932 549 1059 614 alterins
1079 551 1179 639 tulerit

95 654 136 717 ad
158 672 288 716 onorem
311 660 342 715 et
362 653 417 714 filii
430 653 477 714 'de
499 672 537 716 ea
563 654 717 733 procreati
742 653 877 728 fuerent,
906 661 937 714 et
959 652 1119 713 mundium
1142 673 1178 716 ex

95 775 134 818 ea
154 776 217 819 non
238 757 360 830 iecerit,
383 757 443 819 sint
464 755 518 816 filii
533 756 598 818 eius
613 755 782 828 haldionis,
807 754 891 816 cuins
915 760 945 814 et
960 761 1060 815 mater
1073 754 1176 830 luerit;

95 877 168 921 nam
195 861 333 939 postebs-
352 858 512 920 mundium
546 856 664 932 lecerit,
697 863 728 917 et
752 855 809 917 filii
834 856 900 918 nati
932 855 1068 932 luerent,
1102 857 1176 920 sicut

93 961 232 1023 anterior
258 961 375 1022 edictus
405 960 504 1045 [lietb.
535 958 606 1043 218]
637 959 785 1032 contenit,
817 965 907 1038 patre
933 966 1120 1038 sequantur,
1149 967 1175 1020 et

95 1061 189 1124 talem
216 1062 316 1143 legem
343 1061 480 1122 habeant
506 1078 576 1121 cum
609 1068 744 1140 patrono
776 1079 851 1133 suo,
883 1058 1009 1139 qualern
1037 1067 1068 1121 et
1091 1069 1174 1140 pater

92 1183 204 1227 eornm
224 1163 341 1229 habuit.
931 1219 932 1223 ,

180 1269 248 1330 127.
271 1264 326 1330 xl.
369 1262 400 1324 si
416 1262 482 1342 quis
498 1281 644 1324 romanus
660 1263 756 1325 homo
777 1263 936 1324 mulierem
955 1262 1170 1343 langobardam

94 1368 212 1440 tolerit,
235 1374 266 1427 et
286 1365 445 1426 mundium
467 1383 506 1424 ex
527 1383 565 1426 ea
586 1365 706 1438 fecerit,
730 1374 853 1445 etpost
874 1364 941 1427 eius
958 1365 1118 1427 decessum
1138 1366 1170 1425 ad

95 1469 191 1531 alium
212 1466 418 1529 ambolauerit
439 1465 583 1527 maritum
606 1467 671 1528 sine
693 1467 887 1528 uolontatem
902 1466 1055 1527 heredum
1068 1465 1168 1546 prioris

96 1568 205 1640 mariti,-
227 1568 312 1630 faida
333 1576 364 1630 et
379 1567 507 1648 anagrip
522 1587 586 1627 non
600 1568 793 1647 requiratur;
816 1568 897 1649 qnia,
922 1570 1049 1650 posteris
1072 1586 1169 1629 roma-

96 1691 172 1733 num
198 1671 343 1732 maritum
370 1689 405 1732 se
440 1667 610 1748 copolauit‚
643 1677 674 1730 et
701 1669 767 1749 ipse
796 1689 835 1730 ex
868 1688 906 1731 ea
940 1689 1014 1730 mun
1036 1654 1068 1730 io
1100 1669 1167 1740 lecit,

96 1790 228 1833 romana
250 1773 360 1833 effecta
383 1779 443 1843 est,
467 1779 498 1832 et
511 1769 579 1844 filii,
602 1769 654 1851 qui
677 1771 715 1830 de
738 1791 776 1831 eo
794 1771 988 1833 matrimonio
1003 1778 1166 1842 nascuntur,

91 1874 266 1936 secundum
287 1873 387 1953 legem
409 1871 504 1952 patris
526 1871 648 1932 romani
668 1870 747 1933 fiunt
768 1881 799 1934 et
819 1873 919 1952 legem
939 1873 1037 1952 patris
1059 1873 1167 1945 uinuut;

91 1975 167 2037 ideo
199 1975 283 2037 laida
315 1984 346 2038 et
372 1973 500 2055 anagrip
533 1972 666 2033 monime
699 1992 876 2054 conponere
909 1975 992 2036 deuit
1028 1974 1080 2054 qui
1108 1992 1168 2035 ean

97 2086 208 2158 postea
230 2076 307 2149 tolit,
330 2077 408 2140 sicut
428 2095 486 2136 nec
507 2076 546 2136 de
568 2076 628 2137 alia
649 2077 804 2137 romana

183 2181 252 2244 128.
275 2179 342 2239 xfl.
384 2178 418 2238 ln
431 2178 585 2238 anteriore
597 2178 697 2240 edicto
708 2179 806 2241 nostri
818 2178 947 2263 [Liutpr.
959 2181 1010 2244 36.
1023 2179 1075 2260 38]
1093 2177 1169 2258 capi-

97 2281 160 2343 tula
187 2279 375 2352 adfixemus,
408 2289 441 2342 ut
472 2279 498 2341 si
525 2279 672 2340 nuadiam
698 2300 787 2343 suam
815 2280 997 2342 soluendam
1028 2279 1169 2360 quispiam

95 2383 175 2444 liber
201 2383 297 2444 horno
325 2390 388 2444 tres
416 2380 609 2442 fideiussoris
631 2380 792 2463 habuerit,
825 2380 938 2443 liberds
960 2381 1119 2455 homines,
1148 2389 1174 2442 et

96 2484 165 2564 ipse
187 2483 239 2564 qni
260 2484 405 2545 nuadiam
428 2482 577 2562 suscepit,
604 2482 735 2542 reddere
755 2481 938 2555 neclexerit,
960 2483 1004 2546 sio
1026 2491 1175 2564 conponat

94 2585 178 2647 siout
198 2585 264 2658 ille,
288 2585 340 2666 qui
361 2603 424 2644 non
445 2582 589 2645 habuerit
602 2582 803 2645 fideiussores
815 2589 951 2663 paratas.
983 2585 1080 2646 blodo
1096 2603 1174 2659 uero,

96 2687 174 2746 dnm
201 2689 316 2765 praubs
345 2684 486 2746 homines
514 2685 758 2766 cognouissimus
794 2685 862 2747 talis
889 2684 1072 2748 lidiussores
1105 2687 1177 2748 nelle

94 2794 244 2858 statuere,
268 2787 319 2866 qui
341 2785 415 2846 nihil
436 2786 616 2860 habuerent,
638 2785 697 2847 nisi
719 2786 882 2849 solumodo
897 2807 1068 2867 personam
1083 2807 1176 2852 snam.

99 2895 133 2949 ut
158 2908 214 2968 per
244 2907 297 2950 cos
325 2887 472 2949 iustitiam
501 2907 588 2950 suam
622 2888 754 2950 creditirr
787 2889 854 2968 ipse
883 2889 1023 2950 inuenire
1050 2890 1178 2951 menime

99 2989 213 3069 possit,
240 2987 418 3063 statuimus,
449 2998 483 3051 ut
504 2989 573 3051 talis
596 3009 669 3052 esse
691 2991 824 3053 deneant
849 2989 1023 3054 fidiussoris
1044 2992 1118 3072 ipsi,
1139 3001 1179 3065 ut,

96 3092 126 3154 si
148 3091 279 3172 amplius
301 3109 363 3152 non
385 3091 573 3166 habnment,
596 3092 755 3170 quomodo
777 3111 847 3152 enm
869 3093 1032 3173 pignerare
1054 3093 1180 3173 possint,

96 3213 194 3275 -quam
213 3193 282 3273 ipsa
304 3193 448 3255 oblicatio
470 3193 524 3265 sit,
553 3193 604 3253 uel
631 3200 749 3254 tantum
775 3194 926 3272 habeant,
960 3204 1123 3275 quantum,
1151 3203 1182 3256 ut

100 3297 253 3367 diximus,
284 3295 353 3374 ipsa
388 3295 530 3357 oblicatio
568 3301 633 3367 est,
670 3296 752 3355 unde
783 3295 963 3369 fidinssores
995 3297 1181 3360 interuenire

102 3398 244 3461 debeant.
288 3395 367 3456 Nam
388 3396 415 3457 si
436 3396 535 3458 minus
557 3395 747 3469 habuerant,
779 3417 842 3459 non
864 3398 903 3460 sit
930 3399 1101 3479 culpauelis
1122 3400 1180 3473 ille,

100 3499 244 3580 quicum
271 3516 417 3575 recepere
438 3497 584 3571 noluerit,
612 3516 669 3558 nec
689 3498 756 3578 ipse
778 3499 830 3578 qni
857 3501 932 3561 dare
959 3502 1056 3571 deuit,
1084 3501 1184 3582 possit

101 3619 135 3662 se
165 3618 315 3661 excusare
342 3618 361 3660 a
388 3599 511 3679 culpam
537 3599 681 3673 dicendo,
717 3601 799 3682 quod
826 3600 1025 3664 fideiussores
1055 3606 1182 3683 paratds

64 3770 66 3775 ,
100 3700 266 3776 habuissit3
300 3700 372 3781 qnia
392 3700 612 3780 inpossebilem
640 3711 701 3776 est,
734 3710 768 3763 ut
795 3702 862 3764 talis
889 3702 1064 3767 fidi'ussoris
1085 3706 1183 3766 homo

100 3802 237 3883 recepiat
252 3802 381 3883 quinon
395 3801 524 3877 habent,
540 3804 602 3867 etsi
612 3805 742 3884 amplios
757 3824 835 3877 non,
850 3805 901 3865 uel
916 3813 1065 3885 quantum
1080 3807 1184 3887 ipsum

102 3905 238 3967 deuitum
259 3904 368 3976 fuerit,
391 3897 475 3983 quod
496 3906 605 3968 tollere
626 3904 731 3968 locum
745 3906 879 3986 pigneris
901 3907 1009 3988 possit.
1041 3908 1081 3971 Et
1104 3909 1185 3971 side

100 4006 237 4086 presenti
257 4006 415 4080 habuerit,
437 4009 520 4068 unde
542 4008 617 4068 dare
638 4007 707 4070 talis
729 4006 917 4079 fidinssoris,
941 4009 994 4089 qui
1016 4009 1185 4090 recipiendi

100 4116 187 4180 sunt,
210 4126 281 4169 ecce
302 4111 395 4169 bene:
419 4108 445 4171 si
459 4117 563 4170 autem
576 4110 645 4190 ipsa
660 4128 717 4171 ora
731 4129 793 4170 non
809 4108 966 4188 habuerit,
988 4111 1028 4174 sit
1042 4110 1184 4190 spacium

99 4210 140 4270 de
161 4209 262 4290 ipsam
283 4210 428 4272 nuadiam
456 4218 518 4273 tres
540 4211 606 4274 dies
628 4211 694 4274 sine
716 4210 853 4293 culpam,
883 4220 914 4274 et
935 4220 1046 4293 postea
1069 4212 1184 4275 debeat
