2574 4710
224 162 232 172 .
326 113 493 176 RATCHIS
514 113 650 185 LEGES,
671 132 702 192 p.
727 110 798 176 Chr.
822 113 892 175 746.
1096 112 1155 175 153

59 318 133 361 eum
161 298 358 380 expellimus,
389 306 420 360 et
448 317 504 379 per
529 295 631 358 nullos
653 303 804 376 patronos
825 294 941 375 poterit
960 295 1101 357 obtinere
1123 304 1157 357 ut
1179 318 1182 322 “

57 400 217 463 honorem
239 420 330 462 suum
351 419 415 461 non
438 399 574 471 amittat,
605 407 637 459 et
655 397 747 460 nobis
769 406 799 459 et
819 398 880 460 illis
903 417 965 458 non
988 407 1155 479 conponat,

58 502 109 563 cui
134 501 283 564 iustitiam
311 502 414 563 lacere
442 501 591 581 neglexit,
625 500 703 563 sicut
731 519 825 579 supra
852 500 1025 565 statuimus.
1074 499 1155 574 Quia

59 604 277 686 cognoscimus
294 622 365 684 eum
379 623 437 664 nec
457 603 507 663 dei
529 621 587 663 nec
606 611 747 663 nostrum
770 621 840 664 esse
861 600 996 674 fidelem,
1019 621 1076 662 nec
1097 622 1155 683 pro

59 705 269 768 saluationem
297 712 399 767 terrae
420 705 507 767 istius
530 706 700 781 decertare,
729 704 794 776 sed,
822 711 856 765 ut
878 704 1018 778 diximus,
1047 713 1155 767 contra

60 808 155 868 deum
178 807 301 888 quaerit
322 826 415 888 agere
438 815 467 868 et
490 814 598 867 eontra
621 825 689 870 nos.

95 894 100 899 ’
146 911 176 974 2.
210 909 240 970 si
263 909 331 988 quis
353 929 431 971 uero
454 909 634 970 erimannus
658 914 711 968 aut
732 906 876 987 quislibet
896 907 993 967 bomo
1009 908 1049 969 ad
1071 908 1157 968 iudi-

60 1029 130 1070 cem
153 1030 241 1072 suum
264 1011 350 1091 prius
372 1031 435 1073 non
458 1010 674 1082 ambulauerit,
697 1019 727 1070 et
747 1009 891 1070 iudicium
914 1009 953 1069 dc
974 1009 1075 1071 iudice
1096 1030 1155 1073 suo

60 1131 124 1173 uon
148 1113 333 1193 susceperit,
363 1121 393 1174 et
414 1122 486 1193 post
506 1111 651 1175 iustitiam
676 1129 764 1172 suam
787 1117 944 1191 receptam
967 1110 1010 1173 sic
1037 1112 1158 1173 uenerit

62 1215 102 1276 ad
122 1234 183 1277 nos
204 1213 415 1294 proclamare:
439 1222 598 1294 conponat
612 1214 652 1275 ad
667 1214 769 1293 ipsum
784 1212 916 1274 iudicem
933 1234 1022 1275 suum
1039 1214 1155 1276 solidos

64 1315 297 1397 quinquaginta.
350 1317 520 1396 Propterea
552 1314 747 1396 precepimus
780 1316 941 1387 omnibus,
978 1323 1012 1376 ut
1044 1316 1159 1383 debeat

61 1426 221 1479 reuertere
247 1418 460 1499 unnsquisque
487 1437 613 1480 causam
636 1417 804 1478 habentem
827 1419 866 1478 ad
890 1417 1044 1481 ciuitatem
1068 1439 1156 1480 suam

62 1521 107 1585 ad,
127 1520 261 1582 iudicem
292 1541 398 1591 suum,
429 1529 459 1582 et
486 1522 630 1582 nuntiare
658 1519 772 1580 debeat
798 1539 925 1582 causam
954 1541 1043 1583 suam
1065 1523 1158 1583 iudici

61 1640 138 1698 suo;
166 1621 245 1684 etsi
266 1621 414 1683 iustitiam
436 1621 497 1682 non
526 1624 690 1700 receperit,
720 1629 791 1681 tunc
817 1623 923 1683 ueniat
948 1625 988 1684 ad
1015 1633 1156 1686 nostram

60 1722 263 1803 presentiam.
306 1724 384 1783 Nam
408 1723 433 1785 si
457 1723 525 1803 quis
548 1723 654 1783 uenire
677 1731 769 1783 antea
790 1725 1028 1803 presumpserit,
1050 1727 1157 1805 prius-

62 1844 158 1906 quam
173 1825 214 1887 ad
237 1824 369 1885 iudicem
391 1844 482 1887 suum
497 1826 600 1896 cadat,
623 1823 676 1903 qui
701 1823 845 1885 habuerit
866 1826 947 1886 unde
969 1838 1156 1906 conponere,

63 1927 181 1990 solidos
197 1927 436 2008 quinquaginta;
458 1928 555 2004 etqui
573 1944 635 1985 non
651 1925 796 1986 babuerit
809 1926 892 1986 unde
910 1928 1156 2008 conpositionem

63 2029 171 2100 faciat,
201 2027 344 2090 iuuemus
373 2035 405 2088 ut
435 2046 505 2088 eum
531 2027 670 2090 fustetur.
720 2026 794 2087 ldec
822 2028 966 2091 uolumus
996 2038 1030 2091 ut
1062 2033 1158 2094 uadat

66 2131 277 2212 uuusquisque
298 2131 338 2191 ad
360 2128 490 2190 iudicem
515 2148 615 2202 suum,
638 2134 669 2189 et
688 2128 838 2208 percipiat
859 2130 1004 2190 iudicium
1028 2132 1158 2211 qualiter

63 2232 113 2294 lex
131 2233 234 2294 fuerit.

144 2338 177 2419 3.
216 2333 255 2394 Et
280 2333 343 2393 hoc
369 2332 513 2394 uolumus
520 2381 529 2410 ,
563 2340 596 2393 ut
622 2332 722 2394 nullus
747 2332 844 2393 bomo
876 2342 1036 2412 presumat
1062 2355 1157 2398 causa

63 2435 191 2498 alterius
214 2436 254 2495 ad
277 2435 441 2496 dicendum
464 2434 719 2515 supprehendere
748 2441 801 2494 aut
828 2453 972 2509 causare,
1001 2437 1061 2498 nisi
1088 2457 1157 2499 cum

62 2537 173 2600 notitia
202 2538 242 2597 de
270 2537 371 2597 iudice
400 2558 474 2612 suc,
504 2555 631 2598 causam
662 2536 701 2596 de
734 2536 828 2598 uidua
858 2546 911 2599 aut
944 2539 982 2624 de
1015 2540 1158 2620 orphano
1222 2550 1224 2554 ’

62 2640 240 2700 dicendum.
283 2639 362 2699 Nam
391 2637 456 2718 qui,
486 2646 519 2699 ut
545 2638 692 2710 diximus,
721 2640 760 2700 de
783 2640 953 2702 conliberto
981 2661 1037 2703 suo
1065 2661 1159 2704 causa

63 2741 321 2822 supprehendere
337 2748 390 2801 aut
412 2759 542 2801 causare
563 2741 797 2820 presumpserit,
824 2750 982 2820 conponat
997 2742 1159 2824 uuidrigild

63 2862 166 2916 suum,
188 2843 386 2904 medietatem
403 2842 468 2922 regi
484 2850 515 2902 et
536 2840 732 2902 medietatem
754 2842 846 2902 indici
862 2863 930 2907 suo.
963 2843 1001 2903 Et
1016 2845 1041 2905 si
1056 2844 1156 2916 iudex,

63 2944 118 3026 qui
138 2945 233 3006 luerit
254 2953 326 3006 ante
349 2964 440 3025 quem
464 2963 557 3006 causa
586 2942 768 3015 altercatur,
798 2942 859 3003 hoc
887 2942 955 3004 fieri
985 2944 1161 3023 permiserit

63 3053 120 3109 aut
141 3047 344 3121 consenserit,
367 3052 525 3126 conponat
545 3045 610 3125 regi
631 3044 798 3125 uuidrigild
821 3064 920 3106 suum.

149 3150 180 3214 4.
211 3147 300 3210 Haec
320 3147 426 3228 itaque
452 3147 594 3209 uolumus
618 3155 648 3210 et
677 3145 855 3218 statuimus,
887 3154 921 3207 ut
946 3148 1159 3228 unusquisque

64 3250 256 3324 erimannus,
286 3251 412 3329 quando
436 3268 505 3309 cum
527 3248 659 3310 iudicem
680 3268 771 3310 suum
794 3248 1029 3320 caballicaucrit‚
1058 3241 1160 3310 unus-

65 3351 199 3434 quisque
219 3371 278 3432 per
305 3351 506 3431 semetipsum
528 3351 641 3412 debeat
665 3359 794 3429 portare
817 3357 934 3411 scutum
958 3358 988 3411 et
1008 3349 1160 3426 lanceam,

64 3463 98 3518 et
119 3454 169 3518 sic
184 3464 259 3534 post
280 3453 381 3534 ipsum
404 3451 572 3516 caballicat.
603 3452 680 3514 Etsi
704 3453 744 3514 ad
765 3452 915 3532 palatium
937 3471 1006 3512 curn
1028 3452 1161 3513 indicem

64 3576 158 3619 suum
186 3555 321 3629 uenerit,
348 3555 488 3617 similiter
507 3554 609 3615 faciat.
653 3554 722 3615 Hoc
744 3562 848 3615 autem
869 3553 940 3614 ideo
963 3555 1106 3617 uolumus
1128 3564 1163 3617 ut

62 3658 136 3720 fieri
157 3659 280 3730 debeat,
304 3656 376 3737 quia
396 3657 530 3719 incertus
550 3666 597 3719 est
618 3657 715 3718 homo
738 3655 811 3738 quid
827 3655 856 3716 ei
877 3656 1085 3736 superueniat,
1109 3665 1163 3718 aut

65 3759 161 3842 quale
188 3761 369 3821 mandatnm
399 3759 546 3839 suscipiat
567 3759 605 3819 de
634 3778 692 3820 nos
723 3765 775 3819 aut
802 3758 841 3818 de
867 3765 951 3819 terra
978 3757 1079 3830 istius,
1109 3758 1162 3820 ubi

65 3869 193 3942 oportet
219 3861 290 3922 fieri
318 3860 519 3923 caballicatio.
571 3860 602 3922 Si
631 3860 700 3940 quis
729 3879 805 3921 uero
835 3860 925 3922 aliter
952 3859 1057 3920 facere
1084 3879 1162 3940 pre-

67 3963 251 4043 sumpserit,
280 3971 436 4043 ccnponat
464 3962 555 4024 iudici
584 3981 641 4024 suo
670 3961 787 4024 solidos
817 3961 937 4042 uiginti3
967 3961 1046 4046 equs]
1069 3961 1162 4025 iudex
