2574 4710
199 336 391 401 numanis
412 335 597 400 rmucnrs
620 337 819 411 emimus,
841 358 872 417 p.
895 337 965 404 orn.
987 339 1059 404 aaa.
1124 340 1183 404 177

97 524 272 597 decidente,
302 524 447 586 ducatum
467 530 539 586 tunc
560 522 723 584 beneuenti
739 524 936 603 ›gubemabat
962 522 1082 586 arechis
1109 524 1182 597 dux,

97 626 275 705 peremnia
297 624 463 686 catholicus
484 633 577 704 atque
599 623 796 706 magnificus3
819 624 869 705 qui
890 625 1028 686 imitator
1048 624 1182 688 existens

98 728 270 801 maiorum,
297 746 372 789 suae
393 727 490 807 gentis
517 726 662 806 reliquias
684 726 763 788 rexit
784 726 927 787 nobiliter
948 734 979 788 et
999 727 1181 801 honorifice,

98 840 128 890 et
150 849 286 909 sequens
308 829 438 910 uestigia
460 848 577 910 regum,
600 825 754 909 quaedam
775 826 908 907 capitula
922 826 953 888 in
968 828 1031 891 suis
1052 830 1181 894 decretis

100 931 242 993 sollerter
269 931 422 1011 corrigere
450 950 506 993 seu
532 938 667 993 statuere
692 930 826 1006 curauit,
855 930 895 991 ad
922 930 1126 992 saluationem
1153 940 1184 993 et

99 1033 246 1095 iustitiam
268 1052 343 1095 snae
365 1032 484 1113 patriae
511 1032 711 1112 pertinentia;
744 1051 824 1112 quae
852 1031 937 1094 utilia
961 1052 1074 1114 nempe
1100 1042 1181 1107 sunt,

101 1144 131 1196 et
155 1136 272 1197 inserta
297 1136 329 1197 in
359 1134 449 1196 edicti
481 1153 612 1215 corpore
643 1134 822 1195 retinentur.
874 1134 982 1216 Longo
1013 1144 1080 1198 tum
1110 1143 1183 1216 post

99 1244 240 1316 tempore
262 1237 301 1298 ad
323 1257 382 1299 nos
411 1255 535 1317 quoque
564 1236 707 1298 ducatum
733 1234 829 1315 ipsius
858 1235 1056 1316 reliquiarum
1084 1238 1181 1318 gentis

100 1356 253 1418 supernae
276 1337 380 1417 pietati
400 1338 569 1416 perducere
589 1338 712 1418 placuit,
735 1356 814 1417 qnos
835 1337 898 1398 iam
918 1337 1074 1400 infestatio
1097 1339 1183 1400 mul-

99 1449 198 1502 tarum
220 1439 356 1520 gentium
377 1437 468 1500 ualde
491 1439 644 1519 opprimit,
667 1458 748 1520 quae
768 1447 892 1502 nostros
913 1440 1054 1503 concines
1070 1450 1182 1504 coute-

101 1561 167 1602 rere
197 1550 228 1602 et
259 1541 410 1620 dissipare
437 1561 500 1602 non
528 1541 685 1616 desinunt,
712 1542 861 1622 plurimas
888 1550 1067 1604 nostrorum
1093 1544 1182 1607 uillas

100 1644 277 1724 oppidaque
304 1650 475 1705 cremantes
503 1652 534 1705 et
561 1644 785 1723 disperdentes.
827 1643 865 1705 Et
888 1643 962 1721 ⁴licet
986 1645 1046 1708 ista
1072 1655 1181 1710 nostro

97 1744 290 1806 excreuerint
310 1752 464 1825 tempore,
495 1746 606 1826 quibus
628 1744 757 1806 multum
779 1744 1014 1819 mestifioamur,
1041 1747 1131 1810 simul
1153 1757 1183 1811 et

94 1846 279 1908 habundare
311 1848 445 1927 nequitia
478 1848 673 1927 quorundam
705 1847 806 1927 caepit
836 1849 1033 1913 nostratium.
1071 1850 1181 1930 quibus

93 1969 176 2012 unus
193 1955 301 2010 contra
323 1949 454 2010 alterum
475 1967 598 2029 semper
619 1949 743 2010 molitur
756 1949 894 2022 iusidias,
917 1955 1032 2011 statuta
1055 1951 1182 2030 antiqua

93 2050 174 2131 legis
197 2050 357 2124 excedens,
380 2050 568 2130 cupiensque
588 2051 767 2131 frequenter
788 2069 984 2132 quocumque
1005 2051 1100 2111 modo
1122 2072 1180 2113 suo

93 2170 212 2213 nocere
230 2151 391 2231 proximo:
415 2153 454 2211 de
477 2153 586 2232 quibus
607 2152 815 2215 indesinenter
836 2153 956 2214 animus
977 2160 1084 2231 noster
1102 2172 1182 2214 con-

92 2254 243 2320 tristatur.
285 2255 464 2335 Propterea,
488 2254 561 2314 dum
583 2254 657 2315 talia
677 2255 815 2314 recidere
835 2262 866 2316 et
887 2253 1041 2334 corrigere
1062 2262 1182 2316 tracta-

96 2375 215 2433 remus,
250 2363 414 2436 sequentes
449 2355 614 2436 praephati
647 2355 766 2419 arechis
795 2355 1066 2419 excellentissimus
1094 2355 1179 2419 ducis

100 2457 275 2538 aegregium
291 2457 475 2537 exemplum,
498 2448 537 2519 ad
554 2458 756 2520 imitationem
771 2458 836 2521 eius
853 2457 1005 2539 quaedam
1021 2456 1180 2520 instituere

96 2559 289 2639 prouidimus
322 2559 453 2638 capitula
486 2560 526 2621 ad
558 2560 764 2639 amputandas
799 2560 994 2640 quorundam
1024 2560 1179 2640 nequitias
1229 2552 1233 2561 '

94 2680 243 2742 congrua.
295 2658 384 2735 Ideo,
418 2663 572 2722 communi
604 2662 710 2722 habito
743 2661 884 2741 eloquio,
916 2661 946 2721 in
979 2660 1040 2721 hoc
1071 2670 1179 2724 nostro

92 2765 311 2824 belreuentano
331 2762 447 2843 palatio
470 2783 540 2826 cum
562 2765 687 2825 domino
709 2764 810 2823 adone
831 2763 926 2824 fratre
948 2773 1056 2825 nostro
1081 2783 1181 2848 uene-

93 2864 185 2928 rabili
212 2863 372 2944 episcopo,
401 2883 457 2925 sen
483 2884 553 2926 cum
581 2866 757 2937 comitibus,
792 2865 954 2927 abbatibus
989 2865 1180 2946 caeterisque

93 2966 209 3030 nostris
233 2968 442 3046 magnatibus,
472 2985 553 3027 anno
575 2966 704 3028 ducatus
726 2968 824 3030 nostri
846 2966 1044 3039 duodecimo,
1074 2986 1180 3029 mense
1274 2950 1277 2969 ¹

93 3068 206 3130 martio
230 3076 260 3128 et
279 3067 443 3129 indictione
465 3067 586 3148 quinta,
616 3068 727 3128 eadem
749 3067 882 3147 capitula
903 3069 1030 3129 statuire
1053 3069 1180 3130 sollicite

94 3170 281 3241 curauimus,
304 3170 413 3249 quibus
437 3169 536 3231 omnis
557 3168 679 3249 iniquus
695 3189 783 3231 suam
806 3168 954 3230 malitiam
970 3179 1000 3233 et
1021 3170 1180 3250 iniquitate

93 3273 260 3333 retundare
292 3280 323 3331 et
356 3271 514 3331 refrenare
547 3271 667 3335 debeat.
722 3270 810 3343 Quae
844 3271 988 3331 nimirum
1023 3272 1054 3331 in
1091 3272 1180 3333 edicti

94 3374 214 3454 paginis
228 3373 365 3437 inserere
380 3372 594 3453 praecepimus
614 3380 765 3452 perpetuo
776 3373 843 3434 inre
857 3373 1025 3445 retinenda,
1038 3392 1180 3453 quorum

94 3475 212 3553 primus
234 3476 294 3538 iste
316 3484 376 3537 est:
588 3549 589 3554 η
1008 3540 1011 3547 ,

179 3579 207 3643 l.
252 3576 283 3637 Si
305 3575 524 3656 cuiuscumque
546 3594 654 3637 seruus
676 3576 805 3637 liberam
829 3575 886 3637 sibi
903 3559 1043 3636 'uxorem
1065 3574 1178 3647 tulerit,

95 3678 145 3758 qui
162 3679 203 3740 ad
224 3677 373 3759 palatium
392 3679 478 3740 iuxta
493 3678 592 3758 legem
609 3678 791 3756 pertinebat,
813 3677 918 3756 utique
932 3677 1067 3756 pessima
1083 3676 1180 3739 extitit

94 3781 302 3852 consuetudo,
343 3787 377 3841 ut
418 3799 471 3841 eas
512 3797 663 3859 personas
705 3778 843 3858 quisquis
879 3777 973 3840 uellet
1012 3786 1179 3857 expeteret.

92 3881 216 3943 Amodo
246 3889 350 3943 autem
377 3888 408 3942 et
435 3881 577 3960 deinceps
608 3880 786 3950 statuimus,
819 3886 852 3940 ut
878 3885 963 3939 tanta
991 3879 1179 3958 peruersitas

93 3982 213 4043 nullum
248 3983 364 4045 habeat
397 3983 513 4055 locum,
550 3983 604 4044 sed
640 3982 707 4062 ipse
744 3979 941 4043 solummodo
974 3999 1028 4042 eos
1064 3981 1180 4044 habeat

93 4103 233 4164 semper,
260 4085 344 4146 cuius
372 4084 505 4163 primum
529 4084 580 4144 ille
605 4084 707 4145 fuerat
734 4102 858 4156 seruus,
891 4081 981 4142 etiam
1011 4082 1037 4144 si
1064 4082 1132 4145 illos
1161 4102 1179 4144 a

92 4186 210 4266 palatio
223 4205 383 4266 uunquam
395 4185 607 4270 repetantlurl.
629 4185 707 4247 Nam
719 4192 823 4264 potest
833 4182 910 4256 fieri,
923 4191 955 4245 ut
966 4184 1067 4264 ipsum
1078 4184 1179 4246 solum

913 4286 952 4349 12
