2574 4710
315 356 479 421 EDICTVS
502 356 681 421 ROTHARI
703 358 784 424 cla.
810 360 984 426 186-190.
1163 362 1204 426 39

91 561 164 602 non
187 540 344 615 habuerit,
366 543 425 624 ipsi
447 544 595 624 nongenti
616 544 708 606 solidi
724 544 764 604 ad
780 552 897 606 curtem
920 545 1001 625 regis
1023 552 1203 624 erogantur.

94 643 138 705 Et
161 643 275 703 mulier
295 642 364 724 ipsa
390 643 547 707 licentiam
575 645 693 707 habeat
721 666 790 706 cum
813 665 923 707 omnes
952 665 1002 708 res
1026 665 1098 708 snas
1123 665 1203 728 pro-

95 745 197 827 prias,
221 763 303 824 quae
326 745 354 805 ei
375 745 444 826 lege
460 755 653 826 perteneunt,
677 747 869 827 elegendum,
893 748 945 828 qui
961 747 1121 808 mundium
1137 747 1201 809 eius

96 847 132 908 in
160 854 352 929 potestatem
367 847 493 909 ¹debeat
520 848 653 921 habere,
682 849 748 910 uult
778 850 817 910 ad
846 835 968 929 patrem
994 849 1019 910 si
1048 848 1201 923 habuerit,

99 947 167 1009 uult
190 948 231 1009 ad
253 948 396 1024 fratrem,
428 949 494 1010 uult
516 950 555 1009 ad
578 951 765 1023 barbonem,
788 951 855 1012 uult
882 950 922 1011 ad
952 970 1078 1012 manum
1105 951 1200 1031 regia,

98 1049 132 1110 in
150 1049 249 1130 ipsius
273 1049 409 1110 mulieris
431 1050 471 1111 sit
492 1058 692 1132 potestatem,
716 1052 766 1113 uhi
788 1052 936 1132 sibiipsa
958 1052 1095 1132 elegerit.

187 1152 258 1215 187.
302 1151 348 1211 De
373 1150 540 1241 uiolentias
572 1153 707 1215 mulieris
735 1154 841 1218 libere.
901 1153 932 1214 si
963 1154 1030 1235 quis
1061 1152 1199 1215 uiolento

98 1253 226 1314 nomine
249 1252 365 1314 tullerit
387 1271 527 1324 uxorem,
556 1264 715 1335 conponat
738 1265 895 1337 utsupra,
918 1264 948 1317 et
972 1263 1082 1337 postea
1105 1275 1200 1315 mun-

99 1356 185 1415 dium
214 1355 280 1416 eius
308 1355 410 1420 faciat.
466 1355 545 1415 Nam
578 1355 603 1416 si
633 1356 805 1436 contegerit
832 1376 939 1430 casus,
969 1365 1001 1418 nt
1030 1365 1199 1436 antequam

100 1457 263 1516 mundium
285 1455 350 1544 eius
373 1456 476 1528 faciat,
500 1466 624 1518 mortua
639 1458 740 1531 fuerit,
762 1477 812 1520 res
837 1459 901 1520 eius
919 1458 1097 1540 parentibus
1121 1459 1199 1518 red-

102 1559 228 1620 dantur:
258 1566 289 1619 et
309 1557 361 1617 ille
384 1558 444 1630 uir,
469 1559 521 1639 qui
543 1577 614 1619 eam
637 1559 774 1621 uiolento
798 1560 908 1621 ordine
929 1559 1035 1622 tulerit
1056 1579 1196 1632 uxorem,

102 1668 258 1740 conponat
281 1678 351 1720 eam
374 1668 511 1732 mortua,
541 1669 700 1741 tamquam
723 1661 749 1723 si
770 1663 871 1721 uirum
893 1662 932 1722 de
959 1661 1091 1724 similem
1119 1681 1197 1723 san-

97 1762 232 1842 guinem,
253 1761 285 1821 id
308 1768 355 1823 est
376 1761 401 1822 si
429 1762 558 1824 fratrem
588 1763 652 1824 eius
676 1763 853 1837 occidisset,
882 1764 926 1825 ita
953 1763 1144 1843 adpretietur
1166 1773 1197 1825 et

97 1846 279 1944 parentibus
309 1883 366 1944 pro
389 1872 514 1926 mortua
537 1883 716 1944 conponere
739 1873 882 1944 cogatur,
906 1874 959 1926 aut
983 1865 1029 1924 cni
1052 1866 1194 1927 mundius

95 1966 135 2025 de
158 1983 196 2025 ea
218 1966 419 2046 pertenuerit.
1215 2044 1220 2052 ῃ

183 2065 256 2131 188.
301 2066 332 2127 Si
353 2067 456 2146 puella
479 2066 577 2128 libera
603 2076 656 2129 aut
685 2069 788 2128 uedua
817 2068 883 2129 sine
912 2067 1104 2130 uolontatem
1134 2088 1195 2149 pa-

93 2176 220 2229 rentum
243 2168 283 2228 ad
305 2169 450 2230 maritum
473 2169 689 2241 ambolauerit,
712 2169 810 2228 libero
833 2176 948 2240 tamen,
970 2176 1043 2229 tunc
1064 2170 1193 2231 maritus

97 2270 150 2350 qui
172 2288 243 2330 eam
267 2269 386 2350 accepit
407 2289 548 2343 uxorem,
572 2278 730 2350 conponat
746 2271 874 2349 anagrip
898 2268 1015 2330 solidos
1039 2266 1144 2348 uiginti
1163 2276 1195 2331 'et

98 2378 228 2452 propter
250 2370 335 2432 laida
357 2371 434 2433 alitis
459 2373 581 2451 uiginti3
614 2371 692 2432 etsi
714 2371 884 2450 contegerit
906 2389 976 2431 earn
999 2377 1091 2430 antea
1113 2369 1193 2430 mori

96 2490 191 2553 quam
212 2472 374 2532 mundium
389 2474 454 2536 eius
469 2474 572 2546 faciat,
595 2493 645 2535 res
667 2473 762 2553 ipsius
780 2473 914 2534 mulieris
937 2473 978 2532 ad
995 2491 1066 2532 eum
1081 2491 1192 2532 reuer-

92 2582 215 2650 tentur,
246 2574 299 2654 qui
326 2575 485 2635 mundium
514 2576 577 2636 eius
608 2574 638 2635 in
670 2583 858 2655 potestatem
884 2574 989 2649 habit;
1017 2574 1097 2658 [cup.
1123 2575 1193 2639 118.

95 2678 165 2742 195.
185 2678 255 2740 tao.
272 2679 343 2741 204.
360 2676 432 2760 215]
455 2697 530 2738 nam
556 2676 688 2757 amplius
706 2677 858 2737 calumnia
874 2678 1107 2757 praesumptori
1129 2696 1192 2738 non

92 2786 273 2858 generetur:
300 2777 372 2838 ideo
394 2779 507 2857 perdat
528 2778 656 2839 maritus
680 2760 729 2840 res
753 2778 903 2850 mulieris,
927 2779 1074 2857 eoquod
1098 2798 1193 2838 mun-

91 2879 178 2941 dium
201 2881 307 2941 facere
327 2879 471 2960 neglexit.
686 2884 688 2889 “

181 2983 250 3046 189.
294 2982 340 3041 De
362 2980 575 3042 fornicationis
599 3000 705 3046 causa.
743 2980 772 3041 Si
797 2982 900 3062 puella
916 2990 969 3043 aut
985 2982 1095 3041 mulier
1109 2982 1191 3042 libe-

91 3104 161 3145 ram
195 3082 394 3143 uoln'ntariae
427 3083 642 3154 fornicantem,
677 3103 746 3142 cum
781 3084 879 3143 libero
913 3091 1018 3144 tamen
1054 3083 1190 3156 homine,
1262 3093 1264 3103 '

90 3192 284 3265 potestatem
305 3183 444 3245 habeant
467 3192 611 3266 parentes
633 3185 664 3244 in
687 3203 758 3244 eam
781 3185 857 3245 dare
880 3184 1057 3245 uindictam.
1105 3185 1143 3245 Et
1165 3186 1191 3246 si

90 3287 174 3348 forte
197 3287 363 3347 ambarum
393 3286 526 3365 partium
549 3285 681 3364 steterit,
715 3294 748 3346 ut
768 3285 820 3345 ille
844 3286 895 3364 qui
923 3285 1089 3345 fornicauit
1119 3305 1190 3345 eam

90 3388 183 3449 tollat
204 3375 351 3460 uxorem,
385 3395 543 3468 conponat
565 3405 623 3465 pro
646 3386 754 3465 culpa,
785 3386 816 3446 id
840 3396 899 3447 est·
914 3384 1043 3464 anagrip
1071 3385 1189 3447 solidos

90 3489 215 3569 uiginti;
238 3496 269 3550 et
291 3490 316 3551 si
338 3508 402 3549 non
425 3488 618 3563 conuenerit,
648 3496 681 3549 ut
703 3507 774 3548 eam
796 3488 913 3549 habeat
936 3490 1081 3558 uxorem,
1109 3506 1190 3547 con-

93 3598 192 3670 ponat
219 3589 340 3652 solidos
368 3597 504 3663 centum,
528 3590 727 3652 medietatem
753 3591 834 3670 regi,
862 3597 892 3650 et
922 3588 1121 3649 medietatem
1149 3591 1189 3650 ad
1230 3597 1238 3610 ’

92 3709 185 3771 quem
209 3691 352 3753 mundius
375 3692 414 3752 de
437 3711 474 3751 ea
498 3693 694 3772 pertenuerit.
722 3692 761 3754 Et
783 3692 808 3753 si
831 3698 976 3773 parentes
998 3691 1190 3772 neglexerint

92 3803 146 3854 aut
167 3792 325 3854 noluerint
346 3793 377 3852 in
398 3792 467 3872 ipsa
491 3794 567 3854 dare
593 3793 771 3865 uindictam,
793 3800 866 3854 tunc
887 3793 978 3854 liceat
1001 3793 1188 3874 gastaldium

91 3895 171 3974 regis
196 3902 251 3956 aut
277 3894 433 3957 sculdahis
463 3895 566 3974 ipsam
592 3895 632 3955 ad
661 3915 787 3956 manum
809 3895 888 3976 regis
917 3895 1030 3957 tollere
1053 3904 1083 3957 et
1104 3895 1188 3956 iudi-

92 4013 163 4057 care
185 3997 225 4057 de
246 3997 327 4078 ipsa,
351 3996 435 4076 quod
456 3987 702 4078 regiplacuerit.

176 4101 248 4164 190,
290 4098 511 4179 Desponsata
535 4098 671 4161 alterius.
707 4099 738 4159 Si
754 4101 822 4180 quis
839 4101 975 4182 puellam
991 4109 1045 4163 aut
1061 4102 1187 4164 uiduam

91 4197 218 4262 alterius
241 4208 440 4281 sponsatam,
469 4200 522 4261 illa
544 4208 650 4262 tamen
673 4203 898 4276 consentiente,
921 4203 1024 4267 tulerit
1046 4224 1186 4279 uxorem,
