2574 4710
163 343 223 406 160
308 336 475 399 RATClllS
500 337 692 400 CAPlTVLA
713 339 754 399 ΙΝ
776 338 905 401 BREVIl
926 339 1117 403 STATVTA.

161 525 284 589 mittere
304 531 357 585 aut
379 521 497 603 fugacis
519 520 657 584 exientes
680 522 847 603 suscipere,
877 524 934 586 sed
955 523 1057 586 nullus
1079 523 1177 587 homo
1198 544 1246 605 per

161 646 215 690 eas
241 623 369 687 introire
398 622 498 703 possit
519 621 585 685 sine
608 626 698 704 signo
721 631 774 685 aut
795 625 928 706 epistola
949 625 1042 706 regis.
1085 625 1245 706 Propterea

147 727 372 810 'unusquisque
400 725 494 786 iudex
517 743 574 806 per
603 745 724 789 marcas
748 726 805 788 sihi
827 727 1013 790 commissas
1036 727 1098 789 tale
1120 727 1245 790 studium

161 842 191 898 et
212 828 404 912 uigilantium
426 827 695 908 poneredebeat,
722 836 753 889 ct
773 847 830 908 per
858 847 892 890 se
921 837 953 890 et
979 847 1037 908 per
1063 827 1244 909 locopositos

160 944 192 998 et
213 931 364 994 clusarios
394 949 484 1000 suos,
514 935 547 990 ut
572 929 675 991 nullus
702 929 800 991 homo
829 929 896 992 sine
925 929 1013 1010 signo
1041 938 1097 992 aut
1124 930 1245 1012 epistole

159 1037 241 1118 regis
264 1032 349 1094 crire
370 1031 478 1113 possit.
522 1030 561 1092 Et
582 1032 655 1091 dum
678 1032 718 1092 ad
740 1031 974 1112 ingrediendum
996 1032 1141 1095 uenerint
1162 1053 1244 1112 pero-

160 1138 239 1222 grini
261 1136 300 1198 ad
324 1134 426 1196 clusas
448 1139 583 1203 nostras,
607 1131 659 1212 qui
681 1133 721 1194 ad
743 1152 868 1195 romam
890 1126 1053 1195 ambulare
1077 1133 1243 1214 disponunt

160 1241 321 1321 diligenter
344 1236 457 1297 debeat
479 1253 533 1297 eos
555 1233 750 1314 interrogare
772 1236 854 1295 unde
876 1234 953 1309 sint;
977 1243 1007 1297 et
1029 1237 1055 1298 si
1077 1247 1243 1317 cognoscat

160 1343 245 1425 quod
261 1337 439 1418 simpliciter
454 1336 588 1408 ueniant,
599 1335 693 1398 iaciat
707 1336 800 1398 index
811 1344 865 1398 aut
880 1337 1029 1400 clusarius
1046 1339 1242 1421 syngraphis,

160 1454 191 1509 et
213 1444 312 1504 mittat
332 1440 363 1501 in
386 1458 458 1500 cera
480 1446 510 1500 et
533 1445 629 1518 ponat
649 1438 708 1500 sibi
729 1439 862 1520 sigillum
885 1460 985 1515 suum,
1008 1450 1042 1503 ut
1063 1441 1126 1520 ipsi
1146 1450 1243 1520 postca

160 1545 328 1608 ostendant
357 1541 458 1620 ipsum
488 1540 609 1620 signum
633 1539 734 1601 missis
756 1539 882 1613 nostris,
911 1561 989 1621 quos
1012 1563 1070 1605 nos
1093 1544 1242 1604 ordaena-

160 1649 307 1711 uenimus.
337 1644 464 1724 Signum
486 1640 642 1721 posthoc
663 1641 777 1704 missus
799 1643 898 1703 nostri
920 1643 1035 1705 faciant
1056 1645 1101 1706 cis
1126 1644 1241 1724 epistola

160 1753 201 1814 ad
223 1767 345 1810 romam
373 1742 568 1819 ambulandi;
596 1752 627 1804 et
648 1761 706 1803 con
729 1751 880 1805 uenerent
902 1746 943 1805 da
963 1765 1070 1818 remo,
1101 1747 1239 1826 accipiant

159 1854 249 1933 signo
266 1851 305 1910 de
320 1847 414 1910 anolo
430 1845 522 1926 regis.
559 1845 591 1905 Si
605 1863 682 1905 uero
705 1853 924 1925 cognouerent‚
949 1848 1021 1926 quid
1043 1849 1236 1911 fraudelentcr

160 1953 286 2016 ueniant
311 1968 368 2029 per
395 1967 469 2010 suos
498 1947 625 2019 missos,
654 1966 708 2007 cos
731 1947 771 2008 ad
798 1967 856 2009 nos
884 1948 997 2028 diriga,
1025 1957 1056 2013 et
1080 1949 1235 2014 innotescet

158 2054 249 2117 nobis
272 2071 367 2114 causa
388 2050 467 2131 ipsa.
511 2049 590 2110 Nam
613 2051 664 2128 qui
688 2048 739 2109 ille
761 2048 854 2109 index
875 2049 937 2111 hoc
962 2050 1067 2113 fecere
1091 2052 1238 2115 distullerit

159 2167 198 2230 et,
215 2157 298 2238 quod
314 2153 405 2224 absit,
421 2152 502 2213 forte
517 2170 574 2230 per
588 2151 687 2230 ipsius
703 2151 815 2213 noticia
832 2151 941 2231 aliquis
958 2152 1079 2227 exierit,
1096 2153 1238 2236 sanguinis
1275 2180 1279 2231 ς

158 2278 216 2322 suo
240 2260 376 2319 incurrat
397 2253 582 2334 periculum,
612 2260 642 2313 et
669 2273 719 2314 res
743 2252 808 2314 eius
834 2253 1025 2320 infiscentur.
1068 2255 1109 2317 Et
1130 2256 1155 2320 si
1176 2275 1239 2336 pre-
1272 2256 1279 2313 ἶ

157 2358 326 2440 sumpserit
347 2357 462 2428 iurare,
485 2355 569 2435 quod
592 2354 659 2416 sine
681 2354 747 2416 eius
769 2355 925 2434 premissu
941 2355 1056 2419 factum
1073 2358 1190 2434 fuisset,
1210 2358 1240 2420 sit

158 2464 277 2526 solutus
307 2481 326 2523 a
354 2459 460 2538 culpa:
499 2476 557 2536 pro
587 2455 732 2517 nilectum
759 2465 877 2530 tamen,
917 2459 957 2520 sit
985 2479 1019 2521 se
1053 2460 1238 2536 iduniauerit,
1276 2538 1279 2543 Ι

157 2570 315 2644 conponat
340 2561 371 2622 in
401 2559 521 2640 palacio
549 2557 711 2619 uuidricild
738 2578 840 2624 suum.
887 2557 926 2619 Et
947 2558 1008 2621 hoc
1031 2561 1188 2635 addimus,
1214 2570 1238 2622 nt
1273 2564 1279 2631 ’τ

158 2664 371 2746 unusquisque
392 2662 486 2723 iudex
507 2670 604 2741 ponat
626 2659 865 2722 sollicitudinem
887 2680 944 2740 per
969 2661 1120 2724 iudicaria
1141 2663 1237 2726 suain
1277 2708 1279 2721 ,

156 2767 296 2849 partibus
318 2764 448 2845 tusscie,
479 2770 512 2825 ut
532 2761 633 2824 nullus
656 2762 753 2822 homo
776 2763 876 2842 possit
898 2762 965 2826 sine
986 2765 1150 2826 uoluntate
1170 2765 1237 2846 regis
1275 2752 1279 2775 '

156 2870 206 2932 uel
229 2867 360 2949 sigillum
384 2864 499 2946 aliquid
522 2865 671 2938 transire3
695 2871 725 2924 et
740 2863 766 2925 si
784 2863 944 2926 inuentum
958 2863 1061 2938 fuerit,
1085 2867 1169 2946 quod
1184 2870 1237 2928 sinc

156 2971 293 3034 iussione
315 2967 498 3039 transisset,
511 2965 573 3051 [uel
589 2966 722 3047 sigillum
738 2965 854 3045 aliquid
877 2965 1020 3050 transire]
1044 2988 1102 3030 nec
1118 2968 1237 3030 edonia-

155 3073 246 3149 uerit,
268 3078 425 3150 conponat
446 3068 606 3130 uuidricild
630 3088 729 3134 suum.

241 3176 290 3240 tl.
323 3173 369 3232 Dc
391 3170 687 3255 gasindiislquidem
709 3169 808 3232 nostri
835 3169 877 3230 ita
904 3176 1055 3242 statuere,
1088 3179 1122 3232 ιιι
1150 3170 1236 3232 nullus

153 3278 249 3339 iudex
264 3295 319 3337 eos
334 3293 500 3354 opremere
522 3273 665 3344 debeant,
690 3271 838 3351 quoniam
851 3291 910 3332 nos
925 3271 1075 3337 debemus
1092 3271 1235 3353 gasindios

157 3387 282 3441 nostros
316 3377 494 3439 defendere.
543 3375 582 3437 Et
613 3376 639 3437 si
673 3382 782 3436 contra
813 3373 881 3452 lege
915 3373 1030 3454 aliquid
1062 3373 1180 3437 faciunt
1205 3371 1235 3435 ad

156 3479 361 3543 arimannano
390 3477 531 3551 homine,
562 3484 593 3537 ct
619 3478 659 3538 ad
685 3476 787 3536 iudice
812 3473 997 3536 reclamaret
1024 3496 1131 3551 suum,
1158 3476 1235 3540 iudex

156 3589 208 3643 aut
230 3600 286 3660 per
309 3580 442 3660 epistola
466 3587 518 3640 aut
542 3577 669 3660 proprio
693 3586 748 3639 ore
771 3577 939 3638 admoneat
966 3564 1108 3658 gasindio
1130 3584 1233 3646 nostro,

155 3690 189 3744 ut
209 3683 322 3745 indicet
342 3683 419 3763 ipse,
454 3689 484 3743 et
505 3681 608 3761 ipsum
629 3681 655 3740 si
677 3679 813 3740 iudicare
835 3698 899 3738 non
922 3678 988 3752 scit,
1020 3679 1149 3744 aduncis
1172 3679 1233 3742 alos

158 3784 356 3858 conlibertis,
379 3784 431 3867 qui
454 3783 552 3846 sciunt
573 3781 719 3855 iudicare,
742 3789 773 3842 et
793 3780 898 3842 indicit
919 3800 1045 3844 causam
1068 3782 1171 3864 ipsam
1190 3798 1234 3863 per

153 3887 256 3968 legem
278 3893 308 3947 et
328 3886 422 3948 faciat
443 3884 610 3945 iudicatum
632 3901 723 3945 suum
744 3889 777 3943 ut
805 3882 984 3945 erimannus
1007 3883 1075 3964 ipse
1102 3885 1234 3967 fatigatos

154 4008 218 4049 non
240 3987 325 4048 fiat:··
339 4007 413 4049 nam
443 3984 610 4068 antequam
631 4003 703 4045 eum
729 3982 910 4058 admoneat,
942 3974 1021 4047 sicut
1047 3986 1234 4054 dictumest,

155 4109 218 4151 non
240 4108 297 4169 per
319 4090 419 4162 uuila,
447 4108 511 4149 non
533 4107 590 4168 per
619 4068 870 4167 pigneracionem
892 4084 959 4148 sine
979 4086 1120 4153 iussione
1141 4092 1235 4150 nostra

154 4192 259 4254 faeere
288 4189 356 4271 quis
385 4202 587 4270 presummat.
632 4186 795 4251 Gasindius
820 4208 895 4250 uero
917 4189 999 4268 ipse,
1030 4189 1056 4252 si
1085 4185 1235 4254 distullerit
