2574 4710
190 369 426 436 LlVl'l‘llANDl
446 367 571 430 LEGES
592 364 687 426 ANNI
707 362 775 429 Xll.
798 361 880 426 CAP.
901 361 1036 426 62-63.
1105 359 1165 423 109

73 565 207 640 preueat
225 564 468 629 sacramentum,
498 553 581 635 quod
607 549 724 612 nullum
750 546 926 610 conludium
954 545 1070 607 habeat
1094 561 1164 604 cum

73 662 234 724 hominem
260 660 360 732 illum,
384 648 445 738 qui
465 661 691 719 sacramentum
719 645 977 721 audire'debeat,
998 646 1059 709 nisi
1080 645 1164 726 quod

73 765 213 827 animam
244 781 333 824 suam
364 759 501 822 timendo
529 777 593 819 non
623 759 783 836 presumat
814 749 1054 814 sacramentales
1084 766 1164 814 esse.

73 868 110 928 Et
129 867 210 947 ipse
222 871 332 946 postea
355 863 407 944 qui
427 863 532 924 iurare
553 861 654 930 debet,
676 856 791 918 habeat
812 853 946 934 spatium
966 852 1065 914 noctis
1082 852 1165 913 duo-

74 969 175 1031 decim
198 966 393 1052 [animoli
417 964 468 1046 qui
488 979 587 1044 prope
609 967 693 1034 sunt;
716 957 819 1037 etqui
841 956 880 1017 de
901 954 1068 1035 longinquo
1084 962 1164 1030 sunt,

74 1071 234 1152 quomodo
257 1075 327 1154 sunt
349 1069 388 1129 de
408 1066 506 1129 tuscia
527 1067 578 1126 uel
598 1065 637 1124 de
659 1061 792 1149 austria,
819 1056 1048 1137 noctisuiginti
1069 1064 1166 1137 quat·-

75 1181 163 1248 tuor;
193 1179 225 1234 et
250 1175 366 1254 querat·
387 1169 480 1230 alium
506 1164 777 1234 sacramentalem,
807 1159 951 1242 qnemin
977 1158 1047 1220 loco
1068 1158 1165 1238 ipsius

74 1281 173 1354 ponat
194 1280 226 1335 et
252 1272 296 1335 sic
322 1280 551 1335 sacramentum
572 1269 718 1341 deducat,
748 1267 827 1328 sicut
851 1262 965 1325 uuadia
993 1261 1086 1323 dedit.
1128 1260 1166 1320 Et

76 1376 233 1438 siiurare
262 1394 354 1437 ausus
382 1394 447 1435 non
480 1371 572 1434 suerit
603 1376 656 1432 aut
688 1368 896 1429 maneiestare
927 1384 990 1427 non
1023 1362 1166 1444 potuerit,

78 1477 226 1558 quidquid
247 1476 329 1556 ipsc,
360 1476 408 1538 cui
435 1480 663 1537 sacramentum
691 1472 723 1532 in
751 1480 833 1534 terra
855 1474 989 1549 dederit,
1018 1477 1166 1539 damnum

81 1598 186 1659 passus
210 1578 310 1652 inerit,
334 1579 372 1639 de
393 1577 528 1657 propriis
549 1558 642 1638 rebus
664 1575 727 1638 suis
749 1575 897 1641 restituat.

157 1720 210 1782 62.
233 1716 324 1782 Vllll.
368 1716 601 1778 Reminiscimur
629 1716 725 1789 enim,
747 1716 890 1797 ‘qualiter
914 1716 976 1778 iam
1005 1720 1166 1783 statuimus

79 1818 158 1903 [cop.
170 1819 239 1902 20]:
263 1819 315 1899 qui
336 1819 493 1880 hominem
507 1819 637 1879 liberum
653 1817 801 1892 occiserit,
823 1827 856 1880 ut
876 1838 927 1882 res
943 1840 1015 1882 suas
1037 1821 1068 1881 in
1084 1823 1167 1884 inte-

80 1939 165 2001 grum
193 1920 318 2000 perdat3
351 1928 383 1983 et
413 1922 465 2001 qui
497 1941 531 1983 se
562 1921 789 1981 defendendum
825 1921 984 1982 hominem
1016 1923 1166 1998 occiserit,

79 2029 235 2103 conponat
249 2024 418 2085 secundum
432 2023 610 2104 qualitatem
624 2041 788 2101 personae.
814 2022 900 2083 Nunc
915 2031 1017 2084 antem
1033 2033 1167 2087 statuere

79 2126 294 2209 preuidemus,
317 2125 475 2206 quomodo
498 2124 537 2187 sit
556 2124 625 2204 ipsa
648 2124 779 2203 qualitas
802 2125 1037 2191 consideranda.
1082 2127 1168 2189 Con-

80 2228 203 2291 suitudo
224 2227 307 2287 enim
329 2235 387 2299 est,
415 2234 449 2288 ut
470 2225 596 2286 minima
623 2245 772 2305 persona,
802 2227 852 2306 qui
879 2228 1050 2290 exercitalis
1071 2229 1167 2292 homo

82 2348 150 2391 esse
173 2329 341 2417 inuenitur,
365 2336 486 2390 centum
513 2326 733 2409 quinquaginta
761 2327 879 2391 solidos
908 2338 1115 2410 conponatur,
1138 2341 1169 2395 et

84 2429 136 2510 qni
155 2416 273 2510 primus
296 2437 351 2502 est,
373 2438 527 2492 trecentos
550 2428 677 2494 solidos.
720 2430 767 2490 De
788 2431 934 2510 gasindiis
957 2452 1032 2494 uero
1054 2435 1168 2498 nostris

80 2532 238 2604 nolumus,
265 2537 299 2593 nt
320 2532 504 2612 quicumque
529 2531 759 2594 minimissimus
779 2531 811 2592 in
834 2532 886 2593 tali
912 2533 1021 2595 ordine
1048 2537 1167 2600 occisus

77 2618 178 2709 inerit,
200 2655 259 2715 pro
282 2654 320 2695 eo
336 2634 419 2714 quod
440 2635 530 2696 nobis
547 2633 703 2697 deseruire
718 2635 856 2709 uedetur,
879 2636 1027 2700 ducentos
1050 2639 1168 2703 solidos

76 2735 134 2798 fiat
155 2737 352 2816 conpositus3
376 2736 501 2799 maioris
523 2757 598 2799 nero
614 2738 783 2799 secundum
798 2738 897 2818 qualis
917 2758 1054 2819 persona
1068 2741 1169 2814 fuerit,

77 2845 110 2899 ut
131 2846 241 2899 nostra
262 2838 518 2910 consideratione,
540 2839 591 2900 uel
612 2859 825 2902 successorum
848 2840 1035 2915 nostrorum,
1058 2845 1171 2906 debeat

77 2958 273 3019 permanere,
297 2941 454 3021 quomodo
477 2961 575 3022 usque
596 2942 636 3003 ad
657 2949 812 3013 trecentos
836 2942 953 3005 solidos
975 2942 1043 3025 ipsa
1059 2946 1171 3009 debeat

77 3043 249 3103 ascendere
271 3042 453 3123 conpositio.

165 3183 216 3245 63.
239 3182 279 3245 X.
323 3182 354 3242 Si
377 3182 444 3262 quis
468 3181 675 3243 testimonium
696 3182 809 3244 falsum
825 3190 932 3244 contra
948 3203 1172 3265 quemcumque

81 3283 234 3356 redderit,
258 3283 361 3345 autin
384 3283 501 3345 cartola
528 3281 608 3344 falsa
630 3301 664 3343 se
694 3284 840 3346 scientem
866 3305 993 3359 ¹manum
1020 3288 1169 3366 posuerit,

83 3384 205 3464 etipsa
235 3384 320 3447 fraus
354 3386 557 3447 maneiestata
583 3384 688 3464 suerit,
704 3463 706 3466 .
723 3394 878 3474 conponat
903 3387 1045 3468 uuirigild
1071 3408 1170 3465 suum,

82 3487 281 3548 medietatem
307 3487 373 3567 regi
399 3496 428 3550 et
455 3488 652 3549 medietatem
680 3488 763 3551 cuius
791 3508 918 3551 causam
939 3489 1039 3551 fuerit.
1086 3491 1172 3553 Etsi

83 3589 151 3651 talis
173 3608 310 3669 persona
332 3589 438 3663 luerit,
468 3598 500 3652 ut
521 3610 585 3651 non
606 3589 722 3651 habeat
750 3591 831 3652 unde
857 3592 1029 3672 conpositio
1057 3593 1171 3668 facere,

82 3699 154 3753 tnnc
175 3690 315 3772 poplicus
338 3693 450 3754 debeat
471 3712 542 3754 eum
564 3692 639 3754 dare
660 3713 718 3774 pro
740 3712 832 3755 seruo
854 3694 886 3755 in
907 3713 1000 3756 manu
1022 3695 1101 3768 eius,
1124 3697 1173 3757 cui

84 3794 213 3875 culpam¹
233 3793 319 3868 fecit,
348 3802 378 3856 et
398 3795 470 3878 ipse
486 3795 515 3855 ei
536 3796 693 3858 deseruiat
719 3795 796 3858 sicut
819 3815 941 3862 seruus.
989 3797 1027 3859 Et
1047 3797 1098 3858 ille
1120 3797 1174 3878 qui

81 3897 162 3959 alitis
190 3904 282 3978 rogat
304 3897 514 3975 testimonium
539 3897 652 3961 falsum
679 3898 794 3971 dicere,
809 3963 812 3970 ,
828 3904 881 3960 aut
907 3918 967 3978 pro
995 3919 1090 3963 causa
1116 3919 1172 3962 sua

83 4019 211 4060 manum
232 3999 264 4059 in
286 3997 403 4060 cartula
423 3998 504 4061 falsa
524 4020 651 4081 ponere,
677 4001 722 4064 sic
743 4008 909 4081 conponat,
936 4001 1014 4064 siout
1035 4010 1066 4063 et
1085 4000 1171 4081 ipsos

83 4102 171 4164 testis
192 4101 338 4164 iussimus
366 4119 555 4182 conponere,
581 4123 639 4184 pro
669 4122 706 4165 eo
734 4103 818 4184 quod
846 4102 946 4184 ipsum
974 4105 1087 4166 malum
1116 4123 1173 4184 per

82 4195 187 4285 ipsum
207 4203 263 4266 fiet
283 4204 474 4285 inquoatum.
