2574 4710
180 357 418 422 uvrretnol
437 356 565 420 LEGllS
585 355 680 418 ANNI
700 354 768 422 llll.
791 353 873 422 CAP.
895 357 1029 422 57-59.
1095 354 1154 419 107
1249 342 1254 351 ’

51 542 183 607 otialis
204 542 297 605 fuerit
317 542 386 623 ipse
406 542 538 618 debitus,
560 542 644 623 quod
666 559 779 604 sunere
799 560 863 603 uon
885 539 993 620 possit,
1022 545 1052 599 et
1072 535 1153 599 filius

51 646 127 709 -eius
155 664 214 726 per
242 663 374 707 uxorem
402 663 492 706 sunm
518 643 633 724 aliquid
656 641 867 723 conquisierit,
893 641 944 703 uel
964 647 1075 722 posteo
1088 638 1155 703 ,sihi

59 767 119 830 per
141 765 339 829 quocumque
353 745 444 827 genio
466 744 665 818 laborenerit,
686 751 814 825 posteus
829 743 950 825 genitor
964 742 1030 806 eius
1045 759 1155 806 omnes

53 868 112 912 res
143 867 216 911 sues
245 847 451 920 nenundauit‚
477 846 528 908 uel
552 867 611 929 pro
641 846 745 908 debito
773 865 829 909 suo
858 845 1062 907 creditoribus
1089 843 1154 909 suis

60 950 193 1023 dederit,
215 956 269 1011 eut
290 969 310 1012 o
329 948 453 1030 puplico
474 948 644 1012 intromissi
662 948 799 1010 luerent:
821 967 885 1009 uon
904 947 1043 1009 habeant
1055 945 1155 1007 licen-

58 1052 138 1116 tiam
160 1051 319 1114 creditoris
342 1051 425 1127 eius,
452 1069 503 1113 res
526 1070 604 1131 ques
633 1049 716 1114 lilius
736 1052 777 1112 de
798 1049 928 1132 coniuge
954 1068 1012 1112 sue
1036 1047 1156 1109 hebere

41 1155 207 1227 ‘nodetur,
236 1153 286 1215 uel
313 1153 397 1233 quod
425 1159 538 1232 postea
568 1152 754 1233 conquisiuit
780 1161 834 1215 aut
861 1150 1030 1224 laborauit,
1057 1167 1156 1229 repe-

60 1256 192 1319 tendum
221 1262 274 1317 aut
299 1254 550 1328 distrahendum,
579 1255 636 1317 sed
662 1254 778 1334 habeat
803 1254 863 1317 sibi
888 1253 971 1315 filius
997 1252 1062 1314 eius
1088 1249 1156 1311 iure

63 1352 187 1440 quiem
210 1357 255 1419 sic
274 1364 388 1430 tumen,
410 1362 444 1417 ut
459 1355 485 1418 si
499 1374 519 1418 a
533 1356 736 1418 creditoribus
751 1356 890 1437 pulsatus
904 1353 1005 1428 fuerit,
1026 1359 1156 1434 prensat

62 1465 302 1532 sacramentum,
326 1459 410 1539 quod
432 1459 585 1521 derebus
607 1457 705 1538 petris
727 1465 780 1520 aut
801 1457 908 1520 matris
929 1476 1014 1531 sune,
1039 1455 1066 1517 si
1084 1455 1155 1536 ipsa

58 1562 95 1625 iu
114 1561 245 1623 mundio
273 1561 370 1642 putris
400 1559 465 1622 eius
495 1568 618 1622 mortun
645 1559 752 1635 fuerit,
784 1559 860 1620 nihil
888 1567 963 1640 aput
983 1578 1018 1623 se
1039 1560 1156 1622 habeut

62 1683 120 1727 neo
148 1663 262 1726 alieubi
290 1661 499 1724 comendussit
526 1669 579 1724 aut
607 1661 826 1737 abscondissit,
861 1670 892 1724 et
919 1662 959 1724 sit
985 1664 1154 1731 absolutus.

61 1766 149 1829 Etsi
175 1772 287 1846 postea
316 1771 391 1844 aput
418 1783 489 1826 eum
518 1764 677 1826 inuentum
701 1763 795 1825 fuerit
823 1765 862 1824 de
888 1766 980 1826 rebus
1007 1765 1154 1846 paternis,

60 1867 275 1952 conponatin
297 1865 438 1947 actogtld.

148 2007 199 2071 58.
220 2006 258 2072 V.
302 2006 333 2066 Si
353 2005 469 2076 infans,
499 2004 573 2064 dnm
597 2002 678 2080 intra
706 2008 787 2064 etate
816 2010 877 2077 est,
906 2022 957 2066 res
987 2023 1059 2067 sues
1087 2007 1156 2066 cui-

61 2126 197 2188 cumque
220 2107 341 2169 dederit
368 2115 421 2169 aut
447 2105 688 2179 infiduciauerit,
720 2111 845 2186 postea,
879 2124 948 2166 cum
968 2104 1000 2166 in
1021 2106 1156 2187 legitima

64 2215 148 2270 etate
175 2208 312 2281 uenerit,
345 2209 514 2272 secundum
543 2208 644 2288 legem
670 2207 820 2270 cartolam
847 2207 948 2287 ipsam
978 2207 1156 2288 inrumpere

65 2309 214 2384 noluerit,
244 2318 276 2373 et
295 2311 327 2372 iu
348 2313 441 2373 rebus
462 2299 538 2390 ipsis
559 2309 700 2383 introire,
730 2328 793 2370 non
814 2309 930 2371 habeat
953 2307 1156 2390 pontificium,

72 2410 124 2492 qui
142 2413 215 2474 omit
242 2420 295 2475 aut
318 2412 521 2485 infiducinuit,
552 2414 634 2493 quod
665 2412 794 2474 dederet
819 2410 1054 2492 requirendum3
1085 2411 1157 2492 quia

68 2514 194 2593 quando
223 2515 407 2595 conparauit
434 2522 488 2577 aut
512 2513 717 2589 infiducieuit,
746 2521 818 2576 tune
839 2513 944 2575 debuit
968 2513 1155 2594 perspicere,

65 2614 140 2695 quia
160 2634 239 2696 puer
260 2615 328 2695 ipse
349 2616 431 2680 intro
451 2623 565 2679 etatem
587 2625 667 2692 erat,
695 2623 726 2679 et
752 2622 858 2679 contra
879 2616 980 2697 legem
1006 2616 1154 2679 faciebat:

65 2724 97 2778 et
117 2719 246 2797 posteris
275 2718 472 2780 constitutum
495 2728 557 2794 est,
588 2720 717 2805 [Lictpr.
741 2718 791 2803 17]
814 2725 847 2782 ut
868 2719 919 2799 qui
940 2719 1020 2781 intra
1044 2725 1156 2781 etatem

63 2818 173 2892 luerit,
195 2819 328 2881 menime
349 2820 478 2882 uindere
500 2829 553 2884 aut
573 2821 753 2883 infiducierc
774 2821 891 2901 possit,
913 2819 1008 2882 talem
1030 2839 1156 2883 cansam

64 2939 137 2982 eum
165 2921 284 2983 habere
310 2922 460 2997 dicemus,
491 2925 543 3005 qui
568 2927 644 2986 emit
670 2931 723 2987 aut
747 2923 952 2996 infiducieuit,
982 2923 1105 3003 qualem
1127 2929 1158 2985 et

64 3023 117 3084 ille
138 3022 257 3084 hebere
285 3024 428 3099 uedetur,
456 3028 507 3106 qui
539 3026 577 3087 de
604 3046 695 3088 seruo
723 3031 776 3089 aut
801 3025 947 3086 heldione
962 3044 1077 3086 emere
1105 3033 1157 3086 aut

63 3123 249 3186 infiduciare
271 3125 447 3191 dinuscitur.

151 3265 202 3328 59.
225 3265 275 3329 Vl.
318 3264 350 3326 Si
381 3265 449 3345 quis
482 3264 665 3345 gastaldius,
697 3264 748 3325 uel
780 3273 865 3326 actor
894 3271 1011 3326 curtem
1038 3265 1156 3345 regiam

65 3364 187 3427 habens
204 3365 243 3426 nd
263 3368 507 3446 gobernandum,
529 3369 658 3448 ex-ipsa
679 3375 764 3428 curte
785 3365 877 3428 alicui
897 3369 965 3428 sine
986 3366 1156 3429 iussionem

64 3466 148 3547 regis
171 3485 245 3530 cusu
258 3467 429 3542 tributaria,
450 3468 501 3531 uel
514 3477 639 3541 terrum,
661 3468 781 3542 siluam,
803 3467 872 3531 uitis
887 3469 937 3530 uel
952 3475 1042 3549 prata
1062 3488 1155 3532 ausus

64 3568 160 3630 fuerit
181 3569 313 3644 dooere,
344 3579 397 3633 aut
422 3572 449 3634 si
475 3571 606 3652 amplius
629 3590 723 3652 quam
748 3570 918 3633 iussionem
944 3570 1049 3644 luerit,
1081 3570 1156 3632 dare

63 3672 305 3752 presumpserit,
328 3674 379 3733 uel
400 3673 427 3736 si
447 3675 606 3755 requirere
627 3672 808 3754 neglexerit,
833 3674 916 3754 quod
938 3693 994 3754 per
1014 3674 1155 3735 fraudem

63 3773 176 3835 tultum
199 3781 255 3846 est,
277 3775 382 3837 omniu
395 3775 473 3857 ipse,
496 3776 548 3856 qui
569 3776 630 3838 hoc
644 3781 750 3836 contra
765 3775 933 3862 iussionem
947 3775 1032 3857 regia
1053 3776 1156 3838 facere

58 3894 161 3938 ensus
183 3876 284 3952 fuerit,
305 3876 337 3937 in
352 3878 478 3940 dublum
494 3877 627 3961 actogild
642 3884 806 3958 conponat,
829 3879 906 3939 sicut
921 3877 1037 3959 quires
1052 3881 1155 3960 regies

66 3977 183 4040 lnrenit
205 3977 306 4064 [nott.
326 3979 410 4064 369].
462 3980 546 4042 Etsi
567 3980 634 4060 ipse
655 3988 747 4042 antea
769 3987 907 4043 mortuus
928 3980 1035 4054 fuerit,
1062 4000 1155 4061 quam

67 4081 156 4144 fraus
185 4080 254 4162 ipse
288 4089 457 4162 appareat,
493 4082 617 4145 heredis
647 4082 711 4144 eius
741 4088 916 4163 conponat,
952 4084 1030 4146 sicut
1061 4103 1156 4164 snpra

61 4183 152 4270 [cop.
173 4183 224 4270 57]
252 4184 373 4268 legitur.
430 4185 509 4247 Num
537 4186 564 4248 si
589 4204 645 4265 per
670 4191 810 4248 ,actorem
835 4186 920 4249 fraus
948 4185 1031 4249 facte
1055 4185 1156 4258 fuerit,
