2574 4710
80 399 139 464 148
175 394 502 457 MEMORATOlthlll
513 394 565 453 DE
577 393 826 456 lllEllCllDlBVS
840 391 1176 455 COMMACINORVM.

160 580 211 657 ΙΙΙ.
229 578 388 642 Similiter
402 577 429 640 si
445 597 567 639 murum
589 578 792 650 dealbauerit,
809 578 955 651 ‚sexcenti
967 577 1066 658 pedes
1081 576 1179 637 uadat

78 700 135 762 per
162 681 297 742 sulidum
325 699 431 744 unum.
478 679 517 740 Et
546 678 572 741 si
600 699 670 740 curn
699 678 808 743 axibus
842 670 987 741 clauserit
1016 686 1047 739 et
1079 696 1178 757 opera

78 782 208 863 gallica¹
230 781 346 855 iecerit,
369 781 453 842 mille
469 780 628 862 quingenti
642 782 740 862 pedes
755 780 903 843 in-sulidu
920 779 1033 859 uestitu
1050 780 1179 845 uadant.

77 883 116 944 Et
144 884 170 946 si
200 902 306 944 areum
336 883 480 960 noluerit,
513 883 610 963 pedes
640 882 804 944 duodecim
833 883 951 946 uadunt
979 881 1009 942 in
1042 881 1179 967 sulidum

78 1004 182 1045 unum.
627 975 631 982 ¹

161 1086 212 1148 lv.
257 1085 288 1147 Si
320 1106 395 1147 ueru
429 1085 575 1148 materias
616 1085 826 1166 cappelauerit
858 1085 995 1147 maiores
1029 1084 1178 1155 minores,

79 1188 178 1268 capita
201 1187 309 1268 uiginti
330 1207 387 1267 per
408 1188 552 1250 tremisse
577 1188 711 1262 uadant;
740 1207 809 1248 cum
836 1194 1012 1249 armaturas
1042 1205 1122 1247 ueru
1150 1193 1179 1246 et

77 1289 255 1352 brachiolas
279 1289 415 1370 quinque
436 1298 592 1371 ponantur
613 1309 671 1370 pru
694 1308 756 1350 unu
783 1289 924 1354 materie.

161 1391 198 1452 V.
232 1391 278 1450 De
301 1409 427 1453 annona
449 1394 726 1457 commacinurum.
769 1391 893 1453 Tullant
915 1389 1054 1470 magistri
1073 1407 1179 1450 annu-

78 1511 152 1553 nam
173 1511 230 1572 per
252 1494 395 1554 tremisse
411 1512 484 1565 unu,
507 1494 613 1574 segale
629 1494 734 1555 modia
748 1493 817 1564 tria,
840 1494 931 1555 lardo
946 1492 1043 1554 libras
1059 1491 1177 1562 decem,

78 1593 184 1653 uinum
208 1612 285 1654 urna
312 1613 388 1666 una,
418 1593 561 1679 legumen
589 1595 725 1657 sextaria
753 1601 914 1675 quattuor,
943 1593 1010 1656 sale
1041 1591 1176 1655 sextario

78 1714 152 1770 unu,
175 1694 258 1756 etin
281 1697 441 1757 mercedes
464 1716 537 1758 suas
560 1704 714 1776 reputent.

162 1797 209 1856 De
236 1815 343 1877 opera.
388 1797 533 1858 Similiter
561 1816 750 1859 romanense
779 1797 817 1859 si·
832 1796 952 1870 iecerit,
982 1797 1027 1859 sic
1055 1802 1176 1876 reputet

79 1896 158 1959 sicut
184 1897 295 1977 gallica
321 1919 434 1980 opera,
469 1899 551 1961 mille
581 1900 765 1980 quingentos
794 1900 889 1980 pedes
918 1899 950 1959 in
977 1899 1081 1961 sulidu
1109 1917 1174 1959 unu

78 1999 118 2060 Et
139 2000 219 2062 scias
243 2000 316 2080 quia
346 2001 398 2062 ubi
426 2020 496 2061 una
514 2001 617 2082 tegula
645 2001 784 2081 punitur,
816 2000 991 2081 quindecim
1020 1997 1174 2061 scindulas

79 2100 199 2175 lebant;
216 2102 289 2181 quia
304 2111 427 2164 centum
443 2103 667 2183 quinquaginta
681 2102 802 2182 tegulas
815 2102 877 2163 duu
893 2100 977 2162 milia
993 2099 1173 2180 quingentas

80 2202 236 2265 scindulas
259 2205 374 2271 leuant.
417 2206 456 2266 Et
475 2203 501 2266 si
523 2224 628 2268 massa
650 2203 835 2276 iundederit,
858 2203 994 2265 sexcenti
1007 2203 1108 2284 pedes
1124 2222 1174 2286 per

46 2328 49 2333 ·
79 2304 180 2366 sulidu
203 2325 278 2366 unu.
786 2316 789 2321 ’

163 2407 213 2468 Vl.
251 2408 298 2468 De
328 2407 493 2473 caminata.
538 2409 569 2469 Si
593 2407 661 2487 quis
690 2407 829 2486 magistri
851 2406 1038 2468 caminatam
1060 2403 1175 2476 fecerit,

79 2507 189 2568 tollant
210 2527 268 2587 per
289 2503 383 2570 unam
404 2510 579 2572 tremissem
602 2529 707 2574 uuum.
750 2509 789 2569 Et
810 2509 837 2570 si
859 2507 1001 2569 abietarii
1024 2505 1176 2567 cancellas

78 2608 201 2682 fecerit,
232 2629 290 2689 per
319 2609 437 2672 sulidus
466 2631 530 2672 unu
560 2613 677 2673 uadant
706 2611 802 2690 pedes
831 2608 1004 2672 duodecim.
1049 2609 1081 2669 Si
1102 2626 1177 2668 ucru

79 2694 193 2788 penma
214 2710 352 2783 fecerint,
377 2721 510 2792 quantus
533 2714 630 2793 pedes
652 2713 771 2774 habent
793 2718 894 2772 tantas
917 2710 1046 2790 siliquas
1062 2709 1177 2774 lebant.

78 2809 116 2871 Et
146 2810 172 2871 si
200 2812 321 2874 carulas
349 2813 456 2874 iecerit
482 2833 552 2874 cum
581 2817 688 2894 gipso,
719 2815 771 2876 det
798 2833 855 2894 per
883 2812 1024 2875 tremisse
1055 2810 1177 2873 carulas

79 2918 241 2991 quattnur:
266 2932 406 2980 aununas
429 2915 457 2975 ei
479 2935 542 2976 uun
564 2922 734 2995 reputetur.
808 2925 810 2928 ’

164 3013 226 3076 Vll.
259 3015 305 3075 De
328 3018 562 3079 marmorarius.
607 3017 729 3096 Siquis
746 3036 821 3078 axes
844 3034 1039 3076 marmoreas
1062 3015 1179 3087 iecerit

79 3113 132 3174 det
158 3135 215 3194 per
244 3116 345 3178 sulidu
374 3137 437 3179 unu
467 3121 564 3199 pedes
587 3120 656 3184 XV.
699 3119 737 3179 Et
759 3119 784 3180 si
815 3117 977 3185 columnas
1007 3117 1118 3178 iecerit
1141 3117 1179 3196 de

79 3215 176 3295 pedes
200 3225 368 3296 quaternus
392 3228 447 3281 aut
468 3221 589 3301 quinus,
613 3221 664 3281 det
680 3240 736 3300 per
757 3219 899 3281 tremisse
920 3218 1083 3280 columnas
1099 3226 1178 3280 tres:

80 3334 221 3380 annonas
244 3320 273 3380 ei
294 3340 357 3382 nun
379 3329 549 3401 reputetur.

162 3419 210 3479 De
236 3421 369 3484 furnum.
415 3423 445 3484 Si
472 3443 548 3485 ueru
577 3425 668 3485 furnu
695 3424 726 3483 in
755 3422 896 3504 pensile²
924 3424 1178 3486 cumcaccabus

78 3518 188 3581 lecerit
209 3530 240 3582 et
260 3531 368 3602 pustes
390 3532 454 3588 tres
478 3534 531 3587 aut
554 3534 702 3605 quattuur
723 3524 878 3597 habuerit,
907 3530 1029 3584 etcum
1051 3523 1180 3602 pineam

80 3640 169 3682 suam
191 3622 343 3687 leuauerit
365 3628 517 3689 caccabus
541 3628 663 3689 ducenti
691 3626 929 3707 quinquaginta,
959 3625 1002 3685 ita
1023 3632 1057 3687 ut
1083 3625 1180 3705 pinea

78 3722 148 3801 ipsa
169 3724 286 3788 habeat
306 3730 459 3790 caccabus
481 3729 588 3810 uiginti
611 3728 761 3808 quinque,
789 3726 899 3787 exinde
921 3725 1011 3788 tullat
1032 3726 1180 3790 tremisse

79 3839 162 3899 nnu;
190 3833 220 3887 et
247 3827 273 3888 si
301 3829 484 3910 quingentos
512 3832 664 3892 caccabus
685 3828 842 3900 habuerit,
869 3829 985 3889 habeat
1007 3828 1086 3889 duus
1110 3836 1180 3889 tre-

80 3925 209 4002 misses;
240 3936 271 3989 et
297 3929 324 3992 si
353 3931 435 3992 mille
464 3932 579 3993 fuerint
601 3930 741 4005 caccabi,
771 3929 860 3991 tullat
882 3929 992 3990 exinde
1014 3931 1179 3994 mercedes

79 4027 238 4095 tremisses
262 4041 419 4110 quattuor.
621 4036 623 4041 ’
886 4029 888 4033 ’

80 4154 101 4226 ¹)
121 4159 278 4214 commalica
299 4165 357 4217 cod.
376 4164 473 4233 Epur.,·
493 4164 621 4218 cumalica
641 4166 699 4219 cod.
714 4162 799 4232 Guels.
819 4179 849 4230 u,·
868 4162 1001 4232 eumaiiga
1021 4164 1080 4218 cod.
1101 4161 1180 4219 Gullt.

78 4247 135 4303 Sed
152 4253 214 4304 uide
233 4268 291 4320 cup.
313 4254 338 4310 6.
413 4257 434 4326 ²)
454 4256 532 4325 pisile
552 4257 628 4311 codd.
648 4253 734 4324 Guels.
750 4255 773 4325 d,
793 4255 879 4310 Puris.
898 4254 978 4309 Matr.
999 4253 1065 4311 Cuu.
