2574 4710
91 351 152 417 164
363 345 528 408 EDICTVS
550 345 919 412 LANGOBARDORVM.

169 538 204 619 9.
247 533 293 594 De
313 532 486 604 furonihus,
509 532 561 612 qui
579 530 748 613 neglexerit
761 529 917 611 inquirere
932 538 987 591 aut
1009 529 1173 603 sollicitare,
1213 552 1215 561 ·

93 637 143 698 uel
172 634 224 716 qui
254 655 309 697 eos
342 634 476 697 transire
502 634 682 714 permittunt
706 633 783 694 soris
812 632 930 706 clusas,
955 632 1000 695 ita
1027 631 1174 694 subiaceat

93 739 170 801 sicut
192 737 283 799 edicti
304 736 442 799 continet
463 736 591 818 pagina,
622 742 652 797 et
677 735 758 796 intra
784 742 961 815 presentem
983 733 1171 795 indictionem

92 841 148 903 fiat
168 839 333 920 inquisitio.
375 838 413 899 Et
434 838 495 899 hoc
517 839 687 910 statuimus,
709 846 743 899 ut
761 836 788 899 si
809 836 1045 919 conprehensus
1062 854 1081 897 a
1102 856 1173 916 qua-

92 943 254 1022 lecumque
274 940 374 1001 iudice
395 939 495 1012 fuerit,
514 942 552 1001 'et
574 940 692 1011 desub
716 940 775 1000 alio
795 938 898 999 iudice
920 939 1074 1019 collegam
1096 959 1172 1000 suun
1209 934 1215 1013 ¹,

94 1042 309 1114 criminauerit,
332 1051 363 1104 et
382 1042 450 1124 ipsc
464 1035 556 1102 iudex
572 1041 624 1122 qui
645 1041 747 1121 ipsum
768 1041 911 1101 faronem
933 1040 1171 1121 conprehensum
1202 1070 1208 1087 ·

93 1146 189 1208 habet
203 1145 244 1207 ad
265 1143 359 1206 alium
380 1126 513 1204 iudicem
534 1144 715 1204 mandatum
736 1143 853 1216 fecerit,
876 1143 996 1224 etipse
1017 1142 1172 1223 neglexerit
1213 1152 1215 1229 t

95 1268 165 1309 eum
187 1246 456 1326 conprehendere:
491 1254 648 1326 conponat
668 1245 771 1324 ipsum
792 1244 909 1306 furtum
930 1245 979 1306 cui
1000 1244 1172 1306 factumest

92 1350 186 1411 iudex
206 1349 284 1428 ipse,
309 1366 348 1408 eo
370 1346 731 1428 quod'conprehendere
752 1347 887 1428 neglexit
907 1347 1053 1408 furonem
1073 1346 1171 1426 ipsum.

94 1452 180 1514 Etsi
202 1468 310 1512 seruus
334 1449 552 1530 cuiuscumque
573 1448 680 1522 luerit,
708 1448 802 1510 saciat
823 1449 902 1511 scire
925 1449 1087 1510 dominum
1107 1449 1171 1521 eins,

96 1561 127 1615 et
153 1553 220 1633 ipse
249 1551 391 1613 dominus
421 1551 486 1614 eius
514 1551 652 1631 inquirat
681 1569 805 1613 seruum
834 1571 938 1625 suum,
974 1559 1005 1612 et
1033 1550 1169 1612 lacintei

45 1666 46 1670 ’
83 1654 241 1734 1ἰιιειῐίῑίίιῐη
263 1653 315 1732 qui
336 1653 574 1732 conpellauerit3
598 1661 629 1714 et
649 1652 675 1715 si
688 1652 756 1732 ipse
771 1653 913 1716 dominus
929 1653 994 1715 eius
1014 1651 1169 1732 neglexerit

97 1756 350 1836 conprehendere
383 1762 435 1816 aut
465 1754 635 1835 inquirere,
668 1763 826 1837 conponat
857 1756 960 1834 ipsum
991 1755 1107 1816 lurtum
1134 1755 1167 1817 oi

72 1878 75 1884 ·
97 1861 212 1922 factum
234 1864 290 1930 est,
312 1876 350 1917 eo
374 1857 457 1936 quod
480 1856 734 1936 conprehendere
755 1856 898 1938 neglexit.

264 2131 341 2250 [nn
366 2153 495 2226 nuno
523 2153 713 2251 ouum,
740 2179 775 2252 p.
804 2154 887 2227 cnr.
917 2153 1017 2248 roo]

393 2376 395 2381 ’
452 2386 590 2450 monn
611 2389 831 2469 rnoxoovs

183 2546 338 2645 Quoniam
367 2570 552 2651 prophetica
584 2591 642 2634 nos
674 2572 852 2635 uaticinatio
885 2572 1035 2634 admonet
1066 2571 1170 2634 dicens:

100 2672 205 2747 „Iusta
231 2673 363 2734 iudicate
390 2672 444 2733 filii
472 2672 662 2751 hominum‘,
692 2681 723 2734 et
748 2673 834 2735 alihi:
868 2673 1039 2749 „Iustitiam
1071 2674 1172 2746 discite,

101 2775 152 2855 qui
173 2775 318 2837 habitatis
340 2783 469 2848 terram,
498 2774 571 2854 quia
593 2775 689 2837 iustus
717 2775 859 2838 dominus
880 2776 1029 2839 iustitiam
1051 2775 1173 2852 dssexie,

100 2877 152 2939 illa
174 2896 232 2938 nos
255 2876 360 2937 sedule
382 2876 528 2937 conuenit
548 2876 681 2951 sancire,
703 2884 736 2938 ut
757 2885 788 2938 et
808 2897 883 2958 gens
905 2877 996 2940 nobis
1019 2877 1173 2940 commissa

100 2980 131 3040 in
152 2978 263 3040 iudicio
286 2997 349 3037 non
371 2987 528 3058 grauetur,
558 2986 589 3039 et
610 2978 814 3060 omnipotenti
840 2981 916 3057 deo,
938 2980 1025 3042 cuius
1047 2980 1175 3061 opitula-

17 3109 21 3117 ·
88 3068 184 3143 'tione
205 3099 385 3160 regnamus,
411 3080 442 3140 in
465 3080 607 3142 omnihus
629 3081 753 3160 placere
779 3080 956 3155 ualeamus,
984 3083 1176 3146 decessorum
1213 3074 1215 3115 ³

100 3191 279 3246 nostrorum
312 3190 476 3262 soquentes
505 3182 694 3263 exemplum,
728 3184 795 3263 qui,
827 3185 1018 3264 redemptori
1048 3184 1177 3246 omnium

100 3285 295 3348 saeculorum
318 3283 409 3364 pleno
431 3292 557 3363 pectore
579 3285 702 3364 placere
723 3285 930 3347 desiderando
948 3305 1007 3366 pro
1024 3270 1083 3348 sihi
1098 3304 1178 3347 com-

100 3388 215 3449 missae
236 3384 333 3467 gentis
355 3384 492 3461 tuitione,
514 3394 547 3448 ut
568 3395 652 3448 recto
676 3387 889 3448 moderamine
909 3395 1080 3468 regeretur,
1103 3387 1177 3467 leges

100 3489 313 3570 inposuerunt.
341 3487 457 3548 ldcirco
474 3508 541 3569 ego,
562 3489 593 3548 in
614 3489 664 3549 dei
680 3489 900 3569 omnipotentis
917 3490 1032 3551 auxilio
1052 3487 1177 3560 ahistull

100 3589 410 3671 praecellentissimus
452 3610 508 3651 rex
548 3590 718 3652 catholicae
766 3591 864 3672 gentis
913 3590 1178 3673 langobardorum,

100 3710 336 3773 praecessorum
351 3699 530 3753 nostrorum
546 3695 650 3754 omnia
665 3691 802 3754 instituta
823 3694 1030 3772 perpendens,
1053 3692 1180 3775 quedam

100 3794 141 3854 ihi
163 3793 355 3874 repperimus
370 3813 438 3878 non
456 3794 587 3867 adnexa,
611 3794 649 3855 de
666 3794 775 3876 quihus
792 3796 944 3858 maximus
959 3814 1050 3880 error
1063 3802 1180 3858 nostros

99 3895 214 3957 iudices
239 3896 404 3956 addenda
428 3894 539 3957 iudicia
567 3894 763 3970 inuoluehat,
793 3915 876 3958 anno
905 3896 1074 3960 felicissimi
1102 3892 1181 3978 regni

100 3997 198 4058 nostri
224 3997 256 4056 in
285 3997 334 4079 dei
361 3996 485 4059 nomine
519 3997 640 4077 quinto,
676 3997 726 4058 dic
757 3998 962 4060 kalendarum
995 3997 1180 4069 martiarum,

67 4111 68 4116 ’
99 4097 266 4160 indictione
298 4098 447 4177 septima,
485 4081 663 4162 conuocatis
695 4119 734 4160 ex
767 4100 897 4175 diuersis
928 4100 1070 4180 partibus
1101 4097 1191 4180 regni-

99 4200 197 4261 nostri
227 4200 449 4278 pcrtinentibus
481 4201 647 4276 iudicibus,
685 4202 840 4264 communi
873 4203 1001 4291 consilio
1033 4203 1065 4263 in
1098 4199 1181 4263 edicti
