2574 4710
246 106 482 170 LIVTPRANDI
502 109 627 172 Lucas
649 110 744 171 ANNI
765 111 833 176 XV.
857 110 938 176 CAP.
960 112 1011 176 84.
1120 112 1180 176 117

11 315 15 325 ·
99 280 312 371 lemusano,
340 299 371 354 et
390 292 485 356 iaciat
506 292 535 355 ei
557 314 686 374 operas,
709 294 787 357 sicut
808 314 904 374 supra
930 293 1051 376 legitur,
1093 293 1181 356 Etsi

10 462 14 475 ,
99 395 215 477 amplius
235 395 330 456 iudex
351 394 401 455 uel
423 394 578 458 sculdahis
601 404 654 458 aut
674 395 818 458 saltarios
834 395 988 458 dimittere
1008 394 1181 478 presump-

97 495 160 558 serit
177 496 321 561 homines
343 495 411 558 sine
432 497 514 579 regis
533 498 689 578 permisso
711 506 764 559 aut
784 497 931 570 iussione,
956 500 1007 578 qui
1029 498 1061 559 in
1085 517 1180 560 exer-

95 592 147 659 cito
165 598 326 661 ambolare
347 598 440 672 deoit,
470 607 628 681 conponat
647 597 780 680 uuirgild
803 620 860 662 suo
882 599 914 660 in
936 619 1029 681 sagro
1051 600 1180 680 palatio.

164 699 251 761 Haec
285 699 391 761 omnia
428 701 570 781 superius
607 701 854 782 conpraehinsa‚
889 720 970 782 quae
1002 707 1094 763 antea
1122 721 1180 781 per

88 792 227 862 indicium
247 800 335 864 finita
357 810 388 865 et
409 810 524 866 statuta
546 809 630 877 sunt,
654 811 684 864 et
706 803 871 864 terminum
893 803 1030 883 positum
1052 811 1113 876 est,
1136 802 1181 865 sic

86 911 236 979 maneant,
248 903 327 966 sicut
338 912 431 967 antea
442 912 514 967 sunt
525 913 654 981 statuta3
667 924 748 984 quae
760 913 862 966 autem
872 905 966 966 modo
979 912 1180 977 emerserant,

85 1004 126 1067 sic
150 1006 368 1079 terminentur,
399 1006 478 1068 sicut
503 1027 584 1068 nunc
609 1007 641 1067 in
662 1006 800 1086 presenti
828 1007 975 1088 paginam
1002 1005 1179 1070 adliximus.

409 1107 540 1187 Explicit
562 1108 623 1195 [de]
647 1128 729 1170 anno
752 1107 847 1175 Xllll.

159 1325 302 1389 monn
323 1328 376 1388 nn
397 1327 507 1389 anno
529 1326 835 1400 ounrooncmo
858 1328 900 1413 (ρ.
925 1329 996 1395 cor.
1020 1328 1102 1413 727).

159 1510 228 1573 lam
251 1512 333 1572 enim
353 1563 362 1579 .
381 1562 414 1578 ..
440 1512 556 1574 uicibus
577 1511 630 1572 illa
651 1511 683 1571 in
706 1513 808 1574 antico
832 1512 923 1573 edicti
946 1532 1079 1592 corpore
1101 1531 1180 1574 auc-

73 1620 219 1674 mentare
240 1614 450 1692 preuidemus‚
474 1632 555 1695 quae
577 1613 730 1675 oredimus
754 1615 813 1675 deo
838 1622 868 1674 et
889 1614 980 1676 bonis
1002 1613 1180 1677 hominihus

71 1714 191 1796 placita
219 1734 307 1777 esse:
350 1716 445 1776 modo
477 1715 602 1795 quidem
635 1734 697 1776 una
733 1733 802 1775 cum
829 1715 942 1777 nostris
969 1714 1118 1776 iudicibus
1148 1723 1179 1776 et

72 1815 205 1896 reliquis
227 1816 428 1897 langobardis
450 1815 595 1878 fidelibus
619 1816 747 1889 nostris,
771 1815 841 1876 diae
862 1815 1065 1876 kalendamm
1088 1834 1178 1876 mar-

72 1917 205 1990 tiarum,
239 1936 322 1979 anno
355 1919 415 1979 deo
447 1924 629 1998 protegente
663 1915 750 1996 regni
779 1916 880 1976 nostri
907 1916 1013 1996 quinto
1044 1917 1176 1990 decimo,

74 2017 243 2081 indictione
258 2019 386 2092 decima,
409 2019 521 2080 iterum
535 2038 593 2104 pro
610 2017 788 2099 quietudine
802 2036 975 2098 pauperum
991 2024 1022 2077 et
1036 2018 1176 2078 omnium

79 2119 344 2201 langobardorum
393 2119 532 2180 fidelium
574 2127 753 2180 nostrorum
800 2119 1053 2198 tranquillitatem
1096 2139 1178 2198 pro·-

76 2223 236 2302 speximus
258 2223 290 2283 in
312 2222 402 2282 edicti
432 2240 565 2300 corpore
591 2219 644 2280 illa
666 2219 851 2301 adiungere,
880 2221 962 2280 unde
990 2227 1083 2280 antea
1110 2228 1178 2282 erat

72 2323 193 2384 incerta
216 2321 371 2396 definitio,
402 2322 551 2402 quoniam
579 2321 630 2382 alii
658 2320 807 2383 nolebant
831 2341 890 2402 per
915 2341 1020 2393 usum,
1048 2321 1099 2402 alii
1120 2341 1177 2409 per

73 2425 239 2486 arbitrium
260 2424 407 2485 iudicare.
452 2424 511 2484 Sed
539 2423 649 2486 melius
675 2442 756 2484 nunc
779 2432 841 2495 est,
872 2431 906 2485 ut
932 2423 983 2484 ille
1010 2426 1177 2504 inponatur

10 2526 18 2561 ⁷
74 2527 240 2601 terminus,
275 2526 358 2587 unde
387 2524 487 2586 nostri
516 2525 644 2587 subiecti
679 2545 742 2586 non
772 2525 953 2606 fatigentur3
987 2532 1018 2587 et
1045 2526 1177 2606 qualiter

10 2626 14 2669 ³
75 2627 216 2692 omnium
244 2648 325 2690 unus
354 2627 411 2688 luit
440 2646 502 2688 una
528 2626 689 2696 nobiscum
717 2646 904 2700 consensus,
929 2627 972 2688 ita
1000 2629 1116 2689 amodo
1147 2634 1178 2690 et

72 2729 104 2791 in
125 2730 232 2791 luturo
254 2730 367 2791 deueat
387 2746 581 2808 permanere.
603 2727 740 2787 Primum
762 2727 900 2789 omnium
916 2736 1052 2791 statuere
1066 2715 1176 2808 preui-

73 2830 185 2893 demus
207 2850 266 2911 pro
290 2829 479 2893 christianae
505 2836 536 2889 et
563 2827 733 2888 catholicae
761 2828 838 2908 legis
867 2829 1064 2901 defensione,
1093 2851 1177 2910 qua-

72 2930 154 2994 tinus
177 2931 279 2994 nullus
302 2951 320 2993 a
343 2931 406 2992 fide
429 2930 535 2991 christi
557 2932 707 2990 oberrare
721 2937 891 3008 presumat,
915 2931 970 2990 sed
991 2930 1122 2991 firmiter
1143 2931 1175 2991 in

10 3026 17 3133 'p
73 3053 113 3096 ea
141 3033 353 3115 permanentis
383 3034 476 3093 deum
510 3049 675 3110 possemus
711 3030 829 3090 hahere
859 3030 1058 3092 defensorem
1081 3038 1176 3110 atque

10 3146 12 3155 '
71 3134 253 3216 propitium.
436 3137 439 3141 ’

156 3234 254 3300 841.
299 3235 331 3296 Si
353 3235 420 3316 quis
443 3233 561 3296 timoris
585 3234 634 3294 dei
661 3233 826 3296 immemor
854 3234 893 3294 ad
921 3233 1036 3295 ariolos
1059 3241 1111 3294 aut
1134 3234 1174 3294 ad

72 3336 190 3401 ariolas
214 3356 272 3418 pro
296 3336 457 3417 aruspiciis
482 3343 534 3397 aut
555 3335 831 3416 qualibuscumque
853 3334 1012 3414 responsis
1036 3336 1075 3396 ab
1097 3335 1173 3415 ipsis

70 3438 263 3519 accipiendis
286 3437 505 3510 ambolanerit‚
536 3444 695 3517 conponat
719 3437 752 3497 in
782 3457 874 3517 sagro
902 3436 1019 3516 palatio
1050 3437 1174 3497 medie-

69 3547 169 3602 tatem
191 3539 284 3622 pretii
310 3539 371 3613 sui,
399 3539 478 3602 sicut
508 3539 698 3618 adpretiatus
726 3538 830 3611 luerit,
856 3545 1017 3617 tamqnam
1047 3537 1073 3599 si
1103 3557 1173 3598 eum

69 3642 185 3724 aliquis
208 3640 368 3715 occisissit,
390 3648 421 3700 et
439 3640 565 3721 insuper
581 3649 653 3722 agat
667 3639 865 3720 penitentiam
881 3640 1050 3701 secundum
1073 3658 1173 3699 cano-

68 3765 148 3807 num
168 3744 318 3808 instituta.
362 3742 458 3802 Simili
480 3743 574 3804 modo
603 3751 635 3804 et
655 3743 707 3823 qui
736 3743 776 3804 ad
804 3743 918 3802 arbore
946 3760 1040 3820 quam
1063 3740 1173 3807 rustici

70 3844 248 3908 sanctinum
270 3851 398 3916 uocant,
421 3853 515 3924 atque
537 3844 577 3905 ad
598 3844 744 3906 fontanas
772 3842 965 3914 edomuerit,
995 3849 1047 3902 aut
1069 3842 1174 3922 sagri-

67 3947 187 4028 legium
208 3947 260 4009 uel
280 3945 497 4007 incantationis
519 3940 641 4021 lecerit,
675 3944 814 4008 similiter
843 3944 1061 4005 mediaetatem
1083 3942 1175 4021 pretii
