<?xml version="1.0" encoding="UTF-8"?>
<!DOCTYPE html PUBLIC "-//W3C//DTD XHTML 1.0 Transitional//EN"
    "http://www.w3.org/TR/xhtml1/DTD/xhtml1-transitional.dtd">
<html xmlns="http://www.w3.org/1999/xhtml" xml:lang="en" lang="en">
 <head>
  <title>
</title>
<meta http-equiv="Content-Type" content="text/html;charset=utf-8" />
  <meta name='ocr-system' content='tesseract 3.04.00' />
  <meta name='ocr-capabilities' content='ocr_page ocr_carea ocr_par ocr_line ocrx_word'/>
</head>
<body>
  <div class='ocr_page' id='page_1' title='image "./edictusceteraeq00bluhgoog_0029.png"; bbox 0 0 2574 4710; ppageno 0'>
   <div class='ocr_carea' id='block_1_1' title="bbox 324 302 1184 407">
    <p class='ocr_par' dir='ltr' id='par_1_1' title="bbox 324 302 1184 407">
     <span class='ocr_line' id='line_1_1' title="bbox 324 302 1184 407; baseline 0.001 -7"><span class='ocrx_word' id='word_1_1' title='bbox 324 337 493 402; x_wconf 79' lang='lat' dir='ltr'>mrcrvs</span> <span class='ocrx_word' id='word_1_2' title='bbox 511 339 688 402; x_wconf 74' lang='lat' dir='ltr'>nornnm</span> <span class='ocrx_word' id='word_1_3' title='bbox 710 336 792 407; x_wconf 72' lang='lat' dir='ltr'>cin.</span> <span class='ocrx_word' id='word_1_4' title='bbox 816 342 946 405; x_wconf 80' lang='lat' dir='ltr'>re-—ar.</span> <span class='ocrx_word' id='word_1_5' title='bbox 1140 302 1184 404; x_wconf 64' lang='grc' dir='ltr'>ἰτ</span> 
     </span>
    </p>
   </div>
   <div class='ocr_carea' id='block_1_2' title="bbox 90 523 1249 3967">
    <p class='ocr_par' dir='ltr' id='par_1_2' title="bbox 90 523 1190 912">
     <span class='ocr_line' id='line_1_2' title="bbox 90 523 1188 605; baseline -0.001 -18"><span class='ocrx_word' id='word_1_6' title='bbox 90 524 293 587; x_wconf 87' lang='lat' dir='ltr'>medietatem</span> <span class='ocrx_word' id='word_1_7' title='bbox 315 524 362 585; x_wconf 90' lang='lat' dir='ltr'>cui</span> <span class='ocrx_word' id='word_1_8' title='bbox 380 525 521 586; x_wconf 88' lang='lat' dir='ltr'>iniuriam</span> <span class='ocrx_word' id='word_1_9' title='bbox 544 544 671 604; x_wconf 89' lang='lat' dir='ltr'>passum</span> <span class='ocrx_word' id='word_1_10' title='bbox 692 531 753 587; x_wconf 85' lang='lat' dir='ltr'>est:</span> <span class='ocrx_word' id='word_1_11' title='bbox 776 532 905 605; x_wconf 81' lang='lat' dir='ltr'>excepto</span> <span class='ocrx_word' id='word_1_12' title='bbox 928 524 953 586; x_wconf 93' lang='lat' dir='ltr'>si</span> <span class='ocrx_word' id='word_1_13' title='bbox 974 524 1006 585; x_wconf 92' lang='lat' dir='ltr'>in</span> <span class='ocrx_word' id='word_1_14' title='bbox 1027 525 1096 605; x_wconf 93' lang='lat' dir='ltr'>ipso</span> <span class='ocrx_word' id='word_1_15' title='bbox 1118 523 1188 586; x_wconf 91' lang='lat' dir='ltr'>uico</span> 
     </span>
     <span class='ocr_line' id='line_1_3' title="bbox 91 625 1190 706; baseline -0.002 -18"><span class='ocrx_word' id='word_1_16' title='bbox 91 646 185 690; x_wconf 86' lang='lat' dir='ltr'>casas</span> <span class='ocrx_word' id='word_1_17' title='bbox 208 626 399 687; x_wconf 83' lang='lat' dir='ltr'>incenderint</span> <span class='ocrx_word' id='word_1_18' title='bbox 421 635 473 688; x_wconf 89' lang='lat' dir='ltr'>aut</span> <span class='ocrx_word' id='word_1_19' title='bbox 493 626 651 687; x_wconf 92' lang='lat' dir='ltr'>hominem</span> <span class='ocrx_word' id='word_1_20' title='bbox 675 625 845 699; x_wconf 88' lang='lat' dir='ltr'>occiserint,</span> <span class='ocrx_word' id='word_1_21' title='bbox 867 628 1035 689; x_wconf 88' lang='lat' dir='ltr'>secundnm</span> <span class='ocrx_word' id='word_1_22' title='bbox 1058 625 1190 706; x_wconf 89' lang='lat' dir='ltr'>qualiter</span> 
     </span>
     <span class='ocr_line' id='line_1_4' title="bbox 91 727 1188 810; baseline -0.001 -18"><span class='ocrx_word' id='word_1_23' title='bbox 91 729 307 810; x_wconf 90' lang='lat' dir='ltr'>adpreciatum</span> <span class='ocrx_word' id='word_1_24' title='bbox 333 727 424 790; x_wconf 86' lang='lat' dir='ltr'>fuerit</span> <span class='ocrx_word' id='word_1_25' title='bbox 450 728 493 790; x_wconf 88' lang='lat' dir='ltr'>ita</span> <span class='ocrx_word' id='word_1_26' title='bbox 519 736 712 808; x_wconf 82' lang='lat' dir='ltr'>conponatur</span> <span class='ocrx_word' id='word_1_27' title='bbox 732 728 788 802; x_wconf 86' lang='lat' dir='ltr'>illi,</span> <span class='ocrx_word' id='word_1_28' title='bbox 824 729 908 790; x_wconf 91' lang='lat' dir='ltr'>cuius</span> <span class='ocrx_word' id='word_1_29' title='bbox 936 748 1024 791; x_wconf 85' lang='lat' dir='ltr'>casas</span> <span class='ocrx_word' id='word_1_30' title='bbox 1045 728 1188 791; x_wconf 87' lang='lat' dir='ltr'>incensas</span> 
     </span>
     <span class='ocr_line' id='line_1_5' title="bbox 90 829 780 912; baseline -0.006 -18"><span class='ocrx_word' id='word_1_31' title='bbox 90 840 146 894; x_wconf 88' lang='lat' dir='ltr'>aut</span> <span class='ocrx_word' id='word_1_32' title='bbox 167 838 312 912; x_wconf 90' lang='lat' dir='ltr'>parentes</span> <span class='ocrx_word' id='word_1_33' title='bbox 335 838 388 892; x_wconf 90' lang='lat' dir='ltr'>aut</span> <span class='ocrx_word' id='word_1_34' title='bbox 409 850 518 893; x_wconf 92' lang='lat' dir='ltr'>seruus</span> <span class='ocrx_word' id='word_1_35' title='bbox 540 829 659 892; x_wconf 93' lang='lat' dir='ltr'>occisus</span> <span class='ocrx_word' id='word_1_36' title='bbox 680 830 780 897; x_wconf 80' lang='lat' dir='ltr'>luerit,</span> 
     </span>
    </p>

    <p class='ocr_par' dir='ltr' id='par_1_3' title="bbox 93 931 1189 1115">
     <span class='ocr_line' id='line_1_6' title="bbox 170 931 1189 1013; baseline -0.006 -14"><span class='ocrx_word' id='word_1_37' title='bbox 170 936 229 999; x_wconf 60' lang='lat'>20.</span> <span class='ocrx_word' id='word_1_38' title='bbox 274 931 305 992; x_wconf 89' lang='lat' dir='ltr'>si</span> <span class='ocrx_word' id='word_1_39' title='bbox 333 933 400 1013; x_wconf 93' lang='lat' dir='ltr'>quis</span> <span class='ocrx_word' id='word_1_40' title='bbox 431 933 470 992; x_wconf 90' lang='lat' dir='ltr'>de</span> <span class='ocrx_word' id='word_1_41' title='bbox 504 932 683 994; x_wconf 81' lang='lat' dir='ltr'>exercitales</span> <span class='ocrx_word' id='word_1_42' title='bbox 713 933 821 993; x_wconf 91' lang='lat' dir='ltr'>ducem</span> <span class='ocrx_word' id='word_1_43' title='bbox 851 951 940 994; x_wconf 92' lang='lat' dir='ltr'>suum</span> <span class='ocrx_word' id='word_1_44' title='bbox 969 931 1189 1012; x_wconf 87' lang='lat' dir='ltr'>contempserit</span> 
     </span>
     <span class='ocr_line' id='line_1_7' title="bbox 93 1034 1087 1115; baseline -0.002 -16"><span class='ocrx_word' id='word_1_45' title='bbox 93 1037 135 1099; x_wconf 84' lang='lat' dir='ltr'>ad</span> <span class='ocrx_word' id='word_1_46' title='bbox 157 1034 314 1107; x_wconf 89' lang='lat' dir='ltr'>iustitiam,</span> <span class='ocrx_word' id='word_1_47' title='bbox 337 1034 450 1115; x_wconf 85' lang='lat' dir='ltr'>uigenti</span> <span class='ocrx_word' id='word_1_48' title='bbox 473 1034 590 1096; x_wconf 89' lang='lat' dir='ltr'>solidos</span> <span class='ocrx_word' id='word_1_49' title='bbox 613 1042 769 1115; x_wconf 90' lang='lat' dir='ltr'>conponat</span> <span class='ocrx_word' id='word_1_50' title='bbox 790 1034 855 1114; x_wconf 80' lang='lat' dir='ltr'>regi</span> <span class='ocrx_word' id='word_1_51' title='bbox 876 1042 907 1094; x_wconf 95' lang='lat' dir='ltr'>et</span> <span class='ocrx_word' id='word_1_52' title='bbox 929 1034 996 1094; x_wconf 93' lang='lat' dir='ltr'>duci</span> <span class='ocrx_word' id='word_1_53' title='bbox 1019 1054 1087 1097; x_wconf 90' lang='lat' dir='ltr'>suo.</span> 
     </span>
    </p>

    <p class='ocr_par' dir='ltr' id='par_1_4' title="bbox 94 1134 1189 1318">
     <span class='ocr_line' id='line_1_8' title="bbox 179 1134 1189 1216; baseline -0.009 -14"><span class='ocrx_word' id='word_1_54' title='bbox 179 1140 230 1202; x_wconf 83' lang='lat'>21.</span> <span class='ocrx_word' id='word_1_55' title='bbox 276 1137 306 1197; x_wconf 90' lang='lat' dir='ltr'>Si</span> <span class='ocrx_word' id='word_1_56' title='bbox 333 1136 401 1216; x_wconf 91' lang='lat' dir='ltr'>quis</span> <span class='ocrx_word' id='word_1_57' title='bbox 429 1136 460 1197; x_wconf 90' lang='lat' dir='ltr'>in</span> <span class='ocrx_word' id='word_1_58' title='bbox 489 1136 622 1198; x_wconf 83' lang='lat' dir='ltr'>exercito</span> <span class='ocrx_word' id='word_1_59' title='bbox 647 1138 806 1198; x_wconf 81' lang='lat' dir='ltr'>ambolare</span> <span class='ocrx_word' id='word_1_60' title='bbox 829 1134 1049 1216; x_wconf 87' lang='lat' dir='ltr'>contempserit</span> <span class='ocrx_word' id='word_1_61' title='bbox 1078 1142 1130 1194; x_wconf 93' lang='lat' dir='ltr'>aut</span> <span class='ocrx_word' id='word_1_62' title='bbox 1157 1134 1189 1193; x_wconf 90' lang='lat' dir='ltr'>iu</span> 
     </span>
     <span class='ocr_line' id='line_1_9' title="bbox 94 1238 796 1318; baseline 0.004 -16"><span class='ocrx_word' id='word_1_63' title='bbox 94 1239 210 1313; x_wconf 91' lang='lat' dir='ltr'>sculca,</span> <span class='ocrx_word' id='word_1_64' title='bbox 234 1238 277 1299; x_wconf 90' lang='lat' dir='ltr'>dit</span> <span class='ocrx_word' id='word_1_65' title='bbox 297 1238 363 1318; x_wconf 83' lang='lat' dir='ltr'>regi</span> <span class='ocrx_word' id='word_1_66' title='bbox 384 1245 415 1299; x_wconf 90' lang='lat' dir='ltr'>et</span> <span class='ocrx_word' id='word_1_67' title='bbox 436 1238 505 1299; x_wconf 92' lang='lat' dir='ltr'>duci</span> <span class='ocrx_word' id='word_1_68' title='bbox 527 1258 583 1300; x_wconf 92' lang='lat' dir='ltr'>suo</span> <span class='ocrx_word' id='word_1_69' title='bbox 607 1239 723 1301; x_wconf 91' lang='lat' dir='ltr'>solidos</span> <span class='ocrx_word' id='word_1_70' title='bbox 747 1243 796 1305; x_wconf 82' lang='lat'>20.</span> 
     </span>
    </p>

    <p class='ocr_par' dir='ltr' id='par_1_5' title="bbox 93 1336 1189 1625">
     <span class='ocr_line' id='line_1_10' title="bbox 179 1336 1187 1420; baseline -0.008 -15"><span class='ocrx_word' id='word_1_71' title='bbox 179 1344 230 1405; x_wconf 81' lang='lat'>22.</span> <span class='ocrx_word' id='word_1_72' title='bbox 275 1340 305 1400; x_wconf 90' lang='lat' dir='ltr'>Si</span> <span class='ocrx_word' id='word_1_73' title='bbox 335 1340 402 1420; x_wconf 94' lang='lat' dir='ltr'>quis</span> <span class='ocrx_word' id='word_1_74' title='bbox 438 1341 476 1400; x_wconf 89' lang='lat' dir='ltr'>de</span> <span class='ocrx_word' id='word_1_75' title='bbox 510 1340 580 1420; x_wconf 92' lang='lat' dir='ltr'>ipso</span> <span class='ocrx_word' id='word_1_76' title='bbox 615 1341 748 1402; x_wconf 80' lang='lat' dir='ltr'>exercito</span> <span class='ocrx_word' id='word_1_77' title='bbox 783 1340 873 1401; x_wconf 87' lang='lat' dir='ltr'>duci1</span> <span class='ocrx_word' id='word_1_78' title='bbox 908 1359 964 1402; x_wconf 90' lang='lat' dir='ltr'>suo</span> <span class='ocrx_word' id='word_1_79' title='bbox 999 1339 1038 1400; x_wconf 86' lang='lat' dir='ltr'>ad</span> <span class='ocrx_word' id='word_1_80' title='bbox 1075 1336 1187 1399; x_wconf 89' lang='lat' dir='ltr'>iustitia</span> 
     </span>
     <span class='ocr_line' id='line_1_11' title="bbox 93 1440 1189 1524; baseline -0.002 -21"><span class='ocrx_word' id='word_1_81' title='bbox 93 1443 314 1524; x_wconf 88' lang='lat' dir='ltr'>persequenda</span> <span class='ocrx_word' id='word_1_82' title='bbox 350 1443 550 1522; x_wconf 81' lang='lat' dir='ltr'>denegauerit</span> <span class='ocrx_word' id='word_1_83' title='bbox 585 1442 744 1516; x_wconf 86' lang='lat' dir='ltr'>solatium,</span> <span class='ocrx_word' id='word_1_84' title='bbox 780 1440 991 1522; x_wconf 90' lang='lat' dir='ltr'>unusquisque</span> <span class='ocrx_word' id='word_1_85' title='bbox 1033 1447 1189 1519; x_wconf 87' lang='lat' dir='ltr'>conponat</span> 
     </span>
     <span class='ocr_line' id='line_1_12' title="bbox 96 1543 668 1625; baseline 0.009 -21"><span class='ocrx_word' id='word_1_86' title='bbox 96 1545 164 1625; x_wconf 80' lang='lat' dir='ltr'>regi</span> <span class='ocrx_word' id='word_1_87' title='bbox 184 1553 215 1605; x_wconf 88' lang='lat' dir='ltr'>et</span> <span class='ocrx_word' id='word_1_88' title='bbox 234 1543 304 1604; x_wconf 90' lang='lat' dir='ltr'>duci</span> <span class='ocrx_word' id='word_1_89' title='bbox 327 1563 384 1606; x_wconf 91' lang='lat' dir='ltr'>sno</span> <span class='ocrx_word' id='word_1_90' title='bbox 407 1544 524 1606; x_wconf 93' lang='lat' dir='ltr'>solidos</span> <span class='ocrx_word' id='word_1_91' title='bbox 546 1543 668 1624; x_wconf 87' lang='lat' dir='ltr'>uigenti.</span> 
     </span>
    </p>

    <p class='ocr_par' dir='ltr' id='par_1_6' title="bbox 93 1644 1189 2032">
     <span class='ocr_line' id='line_1_13' title="bbox 183 1644 1189 1724; baseline -0.006 -14"><span class='ocrx_word' id='word_1_92' title='bbox 183 1648 230 1710; x_wconf 78' lang='lat'>23.</span> <span class='ocrx_word' id='word_1_93' title='bbox 275 1645 306 1705; x_wconf 89' lang='lat' dir='ltr'>Si</span> <span class='ocrx_word' id='word_1_94' title='bbox 322 1645 384 1704; x_wconf 81' lang='lat' dir='ltr'>dux</span> <span class='ocrx_word' id='word_1_95' title='bbox 399 1644 594 1705; x_wconf 84' lang='lat' dir='ltr'>exercitalem</span> <span class='ocrx_word' id='word_1_96' title='bbox 607 1666 696 1707; x_wconf 91' lang='lat' dir='ltr'>suum</span> <span class='ocrx_word' id='word_1_97' title='bbox 708 1645 919 1707; x_wconf 90' lang='lat' dir='ltr'>molestauerit</span> <span class='ocrx_word' id='word_1_98' title='bbox 932 1644 1051 1717; x_wconf 86' lang='lat' dir='ltr'>iniuste,</span> <span class='ocrx_word' id='word_1_99' title='bbox 1068 1644 1189 1724; x_wconf 75' lang='lat' dir='ltr'>gastal-</span> 
     </span>
     <span class='ocr_line' id='line_1_14' title="bbox 98 1746 1189 1826; baseline -0.002 -19"><span class='ocrx_word' id='word_1_100' title='bbox 98 1747 166 1808; x_wconf 89' lang='lat' dir='ltr'>dius</span> <span class='ocrx_word' id='word_1_101' title='bbox 189 1767 259 1808; x_wconf 89' lang='lat' dir='ltr'>eum</span> <span class='ocrx_word' id='word_1_102' title='bbox 281 1746 417 1819; x_wconf 87' lang='lat' dir='ltr'>solatiet‚</span> <span class='ocrx_word' id='word_1_103' title='bbox 447 1767 608 1826; x_wconf 90' lang='lat' dir='ltr'>quousque</span> <span class='ocrx_word' id='word_1_104' title='bbox 631 1749 791 1809; x_wconf 88' lang='lat' dir='ltr'>ueritatem</span> <span class='ocrx_word' id='word_1_105' title='bbox 814 1768 902 1810; x_wconf 91' lang='lat' dir='ltr'>suam</span> <span class='ocrx_word' id='word_1_106' title='bbox 923 1747 1077 1819; x_wconf 89' lang='lat' dir='ltr'>inueniat,</span> <span class='ocrx_word' id='word_1_107' title='bbox 1108 1755 1138 1807; x_wconf 89' lang='lat' dir='ltr'>et</span> <span class='ocrx_word' id='word_1_108' title='bbox 1159 1747 1189 1806; x_wconf 91' lang='lat' dir='ltr'>in</span> 
     </span>
     <span class='ocr_line' id='line_1_15' title="bbox 94 1848 1189 1930; baseline -0.003 -21"><span class='ocrx_word' id='word_1_109' title='bbox 94 1849 305 1930; x_wconf 86' lang='lat' dir='ltr'>praesentiam</span> <span class='ocrx_word' id='word_1_110' title='bbox 328 1848 409 1928; x_wconf 86' lang='lat' dir='ltr'>regis</span> <span class='ocrx_word' id='word_1_111' title='bbox 440 1856 492 1909; x_wconf 90' lang='lat' dir='ltr'>aut</span> <span class='ocrx_word' id='word_1_112' title='bbox 514 1858 596 1911; x_wconf 87' lang='lat' dir='ltr'>certe</span> <span class='ocrx_word' id='word_1_113' title='bbox 626 1860 700 1930; x_wconf 91' lang='lat' dir='ltr'>aput</span> <span class='ocrx_word' id='word_1_114' title='bbox 728 1852 838 1911; x_wconf 90' lang='lat' dir='ltr'>ducem</span> <span class='ocrx_word' id='word_1_115' title='bbox 865 1869 953 1912; x_wconf 90' lang='lat' dir='ltr'>suum</span> <span class='ocrx_word' id='word_1_116' title='bbox 983 1851 1023 1910; x_wconf 89' lang='lat' dir='ltr'>ad</span> <span class='ocrx_word' id='word_1_117' title='bbox 1044 1848 1189 1910; x_wconf 90' lang='lat' dir='ltr'>iustitiam</span> 
     </span>
     <span class='ocr_line' id='line_1_16' title="bbox 93 1951 257 2032; baseline 0.012 -20"><span class='ocrx_word' id='word_1_118' title='bbox 93 1951 257 2032; x_wconf 87' lang='lat' dir='ltr'>perducat.</span> 
     </span>
    </p>

    <p class='ocr_par' dir='ltr' id='par_1_7' title="bbox 95 2035 1249 2318">
     <span class='ocr_line' id='line_1_17' title="bbox 181 2035 1249 2132; baseline -0.006 -16"><span class='ocrx_word' id='word_1_119' title='bbox 181 2058 232 2116; x_wconf 74' lang='lat'>24.</span> <span class='ocrx_word' id='word_1_120' title='bbox 278 2051 308 2113; x_wconf 89' lang='lat' dir='ltr'>si</span> <span class='ocrx_word' id='word_1_121' title='bbox 339 2050 406 2132; x_wconf 92' lang='lat' dir='ltr'>quis</span> <span class='ocrx_word' id='word_1_122' title='bbox 436 2052 603 2131; x_wconf 82' lang='lat' dir='ltr'>gastaldius</span> <span class='ocrx_word' id='word_1_123' title='bbox 635 2052 829 2112; x_wconf 86' lang='lat' dir='ltr'>exercitalem</span> <span class='ocrx_word' id='word_1_124' title='bbox 860 2073 948 2114; x_wconf 91' lang='lat' dir='ltr'>suum</span> <span class='ocrx_word' id='word_1_125' title='bbox 980 2052 1191 2114; x_wconf 90' lang='lat' dir='ltr'>molestauerit</span> <span class='ocrx_word' id='word_1_126' title='bbox 1247 2035 1249 2039; x_wconf 34' lang='lat'><strong><em>¹</em></strong></span> 
     </span>
     <span class='ocr_line' id='line_1_18' title="bbox 96 2154 1190 2234; baseline -0.003 -19"><span class='ocrx_word' id='word_1_127' title='bbox 96 2163 208 2215; x_wconf 90' lang='lat' dir='ltr'>contra</span> <span class='ocrx_word' id='word_1_128' title='bbox 222 2155 385 2227; x_wconf 87' lang='lat' dir='ltr'>rationem,</span> <span class='ocrx_word' id='word_1_129' title='bbox 409 2155 471 2215; x_wconf 82' lang='lat' dir='ltr'>dux</span> <span class='ocrx_word' id='word_1_130' title='bbox 492 2174 562 2215; x_wconf 89' lang='lat' dir='ltr'>eum</span> <span class='ocrx_word' id='word_1_131' title='bbox 578 2154 714 2226; x_wconf 87' lang='lat' dir='ltr'>solaciet,</span> <span class='ocrx_word' id='word_1_132' title='bbox 738 2173 899 2234; x_wconf 87' lang='lat' dir='ltr'>quousque</span> <span class='ocrx_word' id='word_1_133' title='bbox 920 2155 1081 2215; x_wconf 87' lang='lat' dir='ltr'>ueritatem</span> <span class='ocrx_word' id='word_1_134' title='bbox 1102 2171 1190 2228; x_wconf 89' lang='lat' dir='ltr'>suam</span> 
     </span>
     <span class='ocr_line' id='line_1_19' title="bbox 95 2257 242 2318; baseline 0.007 -1"><span class='ocrx_word' id='word_1_135' title='bbox 95 2257 242 2318; x_wconf 80' lang='lat' dir='ltr'>inueniat</span> 
     </span>
    </p>

    <p class='ocr_par' dir='ltr' id='par_1_8' title="bbox 97 2355 1193 2847">
     <span class='ocr_line' id='line_1_20' title="bbox 185 2355 1192 2437; baseline -0.006 -15"><span class='ocrx_word' id='word_1_136' title='bbox 185 2363 234 2425; x_wconf 79' lang='lat'>⁶25.</span> <span class='ocrx_word' id='word_1_137' title='bbox 279 2357 400 2437; x_wconf 90' lang='lat' dir='ltr'>Siquis</span> <span class='ocrx_word' id='word_1_138' title='bbox 428 2377 478 2418; x_wconf 87' lang='lat' dir='ltr'>res</span> <span class='ocrx_word' id='word_1_139' title='bbox 506 2377 577 2419; x_wconf 91' lang='lat' dir='ltr'>suas</span> <span class='ocrx_word' id='word_1_140' title='bbox 608 2359 646 2417; x_wconf 88' lang='lat' dir='ltr'>ab</span> <span class='ocrx_word' id='word_1_141' title='bbox 676 2357 736 2419; x_wconf 87' lang='lat' dir='ltr'>alio</span> <span class='ocrx_word' id='word_1_142' title='bbox 765 2358 796 2417; x_wconf 92' lang='lat' dir='ltr'>in</span> <span class='ocrx_word' id='word_1_143' title='bbox 824 2357 958 2418; x_wconf 81' lang='lat' dir='ltr'>exercitu</span> <span class='ocrx_word' id='word_1_144' title='bbox 987 2355 1192 2436; x_wconf 88' lang='lat' dir='ltr'>requisiuerit‚</span> 
     </span>
     <span class='ocr_line' id='line_1_21' title="bbox 101 2451 1191 2534; baseline -0.003 -14"><span class='ocrx_word' id='word_1_145' title='bbox 101 2468 133 2521; x_wconf 88' lang='lat' dir='ltr'>et</span> <span class='ocrx_word' id='word_1_146' title='bbox 153 2451 287 2522; x_wconf 82' lang='lat' dir='ltr'>nolue&#39;rit</span> <span class='ocrx_word' id='word_1_147' title='bbox 311 2460 354 2520; x_wconf 93' lang='lat' dir='ltr'>illi</span> <span class='ocrx_word' id='word_1_148' title='bbox 375 2461 522 2532; x_wconf 83' lang='lat' dir='ltr'>reddere,</span> <span class='ocrx_word' id='word_1_149' title='bbox 549 2467 621 2519; x_wconf 91' lang='lat' dir='ltr'>tunc</span> <span class='ocrx_word' id='word_1_150' title='bbox 650 2459 778 2521; x_wconf 88' lang='lat' dir='ltr'>ambulit</span> <span class='ocrx_word' id='word_1_151' title='bbox 808 2461 846 2520; x_wconf 93' lang='lat' dir='ltr'>ad</span> <span class='ocrx_word' id='word_1_152' title='bbox 875 2460 1001 2534; x_wconf 90' lang='lat' dir='ltr'>ducem;</span> <span class='ocrx_word' id='word_1_153' title='bbox 1031 2467 1060 2519; x_wconf 89' lang='lat' dir='ltr'>et</span> <span class='ocrx_word' id='word_1_154' title='bbox 1082 2458 1107 2519; x_wconf 94' lang='lat' dir='ltr'>si</span> <span class='ocrx_word' id='word_1_155' title='bbox 1130 2458 1191 2517; x_wconf 87' lang='lat' dir='ltr'>dux</span> 
     </span>
     <span class='ocr_line' id='line_1_22' title="bbox 99 2560 1193 2642; baseline -0.002 -20"><span class='ocrx_word' id='word_1_156' title='bbox 99 2562 142 2623; x_wconf 90' lang='lat' dir='ltr'>illi</span> <span class='ocrx_word' id='word_1_157' title='bbox 164 2571 217 2625; x_wconf 90' lang='lat' dir='ltr'>aut</span> <span class='ocrx_word' id='word_1_158' title='bbox 237 2563 330 2623; x_wconf 87' lang='lat' dir='ltr'>iudex</span> <span class='ocrx_word' id='word_1_159' title='bbox 353 2562 456 2642; x_wconf 89' lang='lat' dir='ltr'>quiin</span> <span class='ocrx_word' id='word_1_160' title='bbox 477 2562 724 2625; x_wconf 89' lang='lat' dir='ltr'>locoordinatus</span> <span class='ocrx_word' id='word_1_161' title='bbox 747 2570 794 2624; x_wconf 89' lang='lat' dir='ltr'>est</span> <span class='ocrx_word' id='word_1_162' title='bbox 816 2581 834 2623; x_wconf 87' lang='lat' dir='ltr'>a</span> <span class='ocrx_word' id='word_1_163' title='bbox 856 2581 938 2642; x_wconf 84' lang='lat' dir='ltr'>rege,</span> <span class='ocrx_word' id='word_1_164' title='bbox 960 2560 1121 2622; x_wconf 89' lang='lat' dir='ltr'>ueritatem</span> <span class='ocrx_word' id='word_1_165' title='bbox 1140 2568 1193 2621; x_wconf 91' lang='lat' dir='ltr'>aut</span> 
     </span>
     <span class='ocr_line' id='line_1_23' title="bbox 97 2663 1192 2745; baseline -0.002 -20"><span class='ocrx_word' id='word_1_166' title='bbox 97 2664 247 2727; x_wconf 87' lang='lat' dir='ltr'>iustitiam</span> <span class='ocrx_word' id='word_1_167' title='bbox 277 2683 340 2724; x_wconf 92' lang='lat' dir='ltr'>non</span> <span class='ocrx_word' id='word_1_168' title='bbox 368 2663 553 2737; x_wconf 81' lang='lat' dir='ltr'>seruauerit,</span> <span class='ocrx_word' id='word_1_169' title='bbox 588 2672 744 2745; x_wconf 90' lang='lat' dir='ltr'>conponat</span> <span class='ocrx_word' id='word_1_170' title='bbox 776 2664 841 2745; x_wconf 81' lang='lat' dir='ltr'>regi</span> <span class='ocrx_word' id='word_1_171' title='bbox 876 2672 905 2725; x_wconf 89' lang='lat' dir='ltr'>et</span> <span class='ocrx_word' id='word_1_172' title='bbox 938 2664 984 2725; x_wconf 91' lang='lat' dir='ltr'>cui</span> <span class='ocrx_word' id='word_1_173' title='bbox 1010 2683 1103 2725; x_wconf 89' lang='lat' dir='ltr'>causa</span> <span class='ocrx_word' id='word_1_174' title='bbox 1136 2671 1192 2736; x_wconf 86' lang='lat' dir='ltr'>est,</span> 
     </span>
     <span class='ocr_line' id='line_1_24' title="bbox 99 2765 652 2847; baseline -0.004 -18"><span class='ocrx_word' id='word_1_175' title='bbox 99 2767 221 2829; x_wconf 88' lang='lat' dir='ltr'>solidos</span> <span class='ocrx_word' id='word_1_176' title='bbox 243 2765 358 2847; x_wconf 81' lang='lat' dir='ltr'>uiginti,</span> <span class='ocrx_word' id='word_1_177' title='bbox 382 2785 476 2827; x_wconf 90' lang='lat' dir='ltr'>causa</span> <span class='ocrx_word' id='word_1_178' title='bbox 499 2775 652 2827; x_wconf 90' lang='lat' dir='ltr'>manente.</span> 
     </span>
    </p>

    <p class='ocr_par' dir='ltr' id='par_1_9' title="bbox 97 2863 1194 3356">
     <span class='ocr_line' id='line_1_25' title="bbox 192 2863 1192 2948; baseline -0.005 -15"><span class='ocrx_word' id='word_1_179' title='bbox 192 2871 243 2933; x_wconf 81' lang='lat'>26.</span> <span class='ocrx_word' id='word_1_180' title='bbox 292 2869 338 2928; x_wconf 89' lang='lat' dir='ltr'>De</span> <span class='ocrx_word' id='word_1_181' title='bbox 368 2868 575 2948; x_wconf 80' lang='lat' dir='ltr'>uuegunorin,</span> <span class='ocrx_word' id='word_1_182' title='bbox 608 2870 638 2929; x_wconf 92' lang='lat' dir='ltr'>id</span> <span class='ocrx_word' id='word_1_183' title='bbox 668 2877 716 2931; x_wconf 88' lang='lat' dir='ltr'>est</span> <span class='ocrx_word' id='word_1_184' title='bbox 742 2863 1008 2933; x_wconf 50' lang='lat' dir='ltr'>hor-bitorinum</span> <span class='ocrx_word' id='word_1_185' title='bbox 1061 2866 1092 2928; x_wconf 91' lang='lat' dir='ltr'>Si</span> <span class='ocrx_word' id='word_1_186' title='bbox 1124 2865 1192 2945; x_wconf 91' lang='lat' dir='ltr'>quis</span> 
     </span>
     <span class='ocr_line' id='line_1_26' title="bbox 97 2968 1193 3051; baseline -0.002 -22"><span class='ocrx_word' id='word_1_187' title='bbox 97 2968 223 3030; x_wconf 90' lang='lat' dir='ltr'>mulieri</span> <span class='ocrx_word' id='word_1_188' title='bbox 242 2969 338 3030; x_wconf 87' lang='lat' dir='ltr'>libere</span> <span class='ocrx_word' id='word_1_189' title='bbox 361 2977 414 3031; x_wconf 91' lang='lat' dir='ltr'>aut</span> <span class='ocrx_word' id='word_1_190' title='bbox 438 2970 560 3050; x_wconf 91' lang='lat' dir='ltr'>puellae</span> <span class='ocrx_word' id='word_1_191' title='bbox 582 2970 612 3030; x_wconf 92' lang='lat' dir='ltr'>in</span> <span class='ocrx_word' id='word_1_192' title='bbox 634 2971 683 3032; x_wconf 91' lang='lat' dir='ltr'>uia</span> <span class='ocrx_word' id='word_1_193' title='bbox 707 2989 741 3032; x_wconf 87' lang='lat' dir='ltr'>se</span> <span class='ocrx_word' id='word_1_194' title='bbox 763 2969 985 3051; x_wconf 89' lang='lat' dir='ltr'>anteposuerit,</span> <span class='ocrx_word' id='word_1_195' title='bbox 1016 2976 1068 3029; x_wconf 91' lang='lat' dir='ltr'>aut</span> <span class='ocrx_word' id='word_1_196' title='bbox 1091 2968 1193 3047; x_wconf 90' lang='lat' dir='ltr'>aliqua</span> 
     </span>
     <span class='ocr_line' id='line_1_27' title="bbox 97 3069 1194 3153; baseline -0.005 -20"><span class='ocrx_word' id='word_1_197' title='bbox 97 3071 212 3134; x_wconf 88' lang='lat' dir='ltr'>iniuria</span> <span class='ocrx_word' id='word_1_198' title='bbox 237 3071 386 3146; x_wconf 84' lang='lat' dir='ltr'>intulerit,</span> <span class='ocrx_word' id='word_1_199' title='bbox 416 3074 622 3153; x_wconf 86' lang='lat' dir='ltr'>noningentos</span> <span class='ocrx_word' id='word_1_200' title='bbox 651 3073 768 3134; x_wconf 91' lang='lat' dir='ltr'>solidos</span> <span class='ocrx_word' id='word_1_201' title='bbox 795 3079 965 3151; x_wconf 91' lang='lat' dir='ltr'>conponat,</span> <span class='ocrx_word' id='word_1_202' title='bbox 997 3069 1194 3131; x_wconf 88' lang='lat' dir='ltr'>medietatem</span> 
     </span>
     <span class='ocr_line' id='line_1_28' title="bbox 100 3171 1193 3255; baseline -0.002 -21"><span class='ocrx_word' id='word_1_203' title='bbox 100 3175 177 3255; x_wconf 77' lang='lat' dir='ltr'>regi,</span> <span class='ocrx_word' id='word_1_204' title='bbox 200 3182 231 3234; x_wconf 92' lang='lat' dir='ltr'>et</span> <span class='ocrx_word' id='word_1_205' title='bbox 252 3174 448 3236; x_wconf 89' lang='lat' dir='ltr'>medietatem</span> <span class='ocrx_word' id='word_1_206' title='bbox 471 3174 517 3236; x_wconf 93' lang='lat' dir='ltr'>cui</span> <span class='ocrx_word' id='word_1_207' title='bbox 538 3174 607 3255; x_wconf 92' lang='lat' dir='ltr'>ipsa</span> <span class='ocrx_word' id='word_1_208' title='bbox 627 3173 737 3235; x_wconf 89' lang='lat' dir='ltr'>iniuria</span> <span class='ocrx_word' id='word_1_209' title='bbox 751 3174 845 3235; x_wconf 89' lang='lat' dir='ltr'>inlata</span> <span class='ocrx_word' id='word_1_210' title='bbox 860 3173 960 3245; x_wconf 87' lang='lat' dir='ltr'>fuerit,</span> <span class='ocrx_word' id='word_1_211' title='bbox 983 3180 1035 3233; x_wconf 91' lang='lat' dir='ltr'>aut</span> <span class='ocrx_word' id='word_1_212' title='bbox 1051 3171 1193 3232; x_wconf 83' lang='lat' dir='ltr'>mundius</span> 
     </span>
     <span class='ocr_line' id='line_1_29' title="bbox 103 3276 423 3356; baseline 0.013 -20"><span class='ocrx_word' id='word_1_213' title='bbox 103 3277 144 3336; x_wconf 89' lang='lat' dir='ltr'>de</span> <span class='ocrx_word' id='word_1_214' title='bbox 166 3295 205 3338; x_wconf 89' lang='lat' dir='ltr'>ea</span> <span class='ocrx_word' id='word_1_215' title='bbox 226 3276 423 3356; x_wconf 81' lang='lat' dir='ltr'>pertenuerit</span> 
     </span>
    </p>

    <p class='ocr_par' dir='ltr' id='par_1_10' title="bbox 103 3371 1196 3967">
     <span class='ocr_line' id='line_1_30' title="bbox 188 3371 1195 3458; baseline -0.012 -15"><span class='ocrx_word' id='word_1_216' title='bbox 188 3382 239 3444; x_wconf 81' lang='lat'>27.</span> <span class='ocrx_word' id='word_1_217' title='bbox 284 3378 315 3438; x_wconf 90' lang='lat' dir='ltr'>Si</span> <span class='ocrx_word' id='word_1_218' title='bbox 348 3378 415 3458; x_wconf 90' lang='lat' dir='ltr'>quis</span> <span class='ocrx_word' id='word_1_219' title='bbox 448 3376 566 3438; x_wconf 90' lang='lat' dir='ltr'>homini</span> <span class='ocrx_word' id='word_1_220' title='bbox 599 3377 695 3437; x_wconf 87' lang='lat' dir='ltr'>libero</span> <span class='ocrx_word' id='word_1_221' title='bbox 728 3376 810 3436; x_wconf 88' lang='lat' dir='ltr'>uiam</span> <span class='ocrx_word' id='word_1_222' title='bbox 843 3374 1051 3445; x_wconf 90' lang='lat' dir='ltr'>antesteterit‚</span> <span class='ocrx_word' id='word_1_223' title='bbox 1090 3371 1195 3452; x_wconf 86' lang='lat' dir='ltr'>uiginti</span> 
     </span>
     <span class='ocr_line' id='line_1_31' title="bbox 104 3475 1196 3559; baseline -0.006 -18"><span class='ocrx_word' id='word_1_224' title='bbox 104 3479 223 3541; x_wconf 85' lang='lat' dir='ltr'>solidos</span> <span class='ocrx_word' id='word_1_225' title='bbox 247 3480 275 3542; x_wconf 92' lang='lat' dir='ltr'>ei</span> <span class='ocrx_word' id='word_1_226' title='bbox 296 3487 466 3559; x_wconf 90' lang='lat' dir='ltr'>conponat,</span> <span class='ocrx_word' id='word_1_227' title='bbox 498 3479 541 3540; x_wconf 93' lang='lat' dir='ltr'>sic</span> <span class='ocrx_word' id='word_1_228' title='bbox 561 3487 666 3540; x_wconf 87' lang='lat' dir='ltr'>tamen</span> <span class='ocrx_word' id='word_1_229' title='bbox 688 3487 720 3540; x_wconf 91' lang='lat' dir='ltr'>ut</span> <span class='ocrx_word' id='word_1_230' title='bbox 743 3479 876 3558; x_wconf 90' lang='lat' dir='ltr'>aliquam</span> <span class='ocrx_word' id='word_1_231' title='bbox 900 3476 1049 3538; x_wconf 90' lang='lat' dir='ltr'>lesionem</span> <span class='ocrx_word' id='word_1_232' title='bbox 1069 3475 1100 3534; x_wconf 91' lang='lat' dir='ltr'>in</span> <span class='ocrx_word' id='word_1_233' title='bbox 1122 3494 1196 3535; x_wconf 91' lang='lat' dir='ltr'>car-</span> 
     </span>
     <span class='ocr_line' id='line_1_32' title="bbox 103 3577 1195 3661; baseline -0.005 -20"><span class='ocrx_word' id='word_1_234' title='bbox 103 3601 176 3641; x_wconf 87' lang='lat' dir='ltr'>nem</span> <span class='ocrx_word' id='word_1_235' title='bbox 198 3582 296 3661; x_wconf 90' lang='lat' dir='ltr'>ipsius</span> <span class='ocrx_word' id='word_1_236' title='bbox 317 3602 381 3643; x_wconf 91' lang='lat' dir='ltr'>non</span> <span class='ocrx_word' id='word_1_237' title='bbox 403 3580 511 3657; x_wconf 80' lang='lat' dir='ltr'>faciat3</span> <span class='ocrx_word' id='word_1_238' title='bbox 534 3601 606 3642; x_wconf 93' lang='lat' dir='ltr'>nam</span> <span class='ocrx_word' id='word_1_239' title='bbox 629 3581 653 3642; x_wconf 90' lang='lat' dir='ltr'>si</span> <span class='ocrx_word' id='word_1_240' title='bbox 676 3581 786 3653; x_wconf 85' lang='lat' dir='ltr'>lecirit,</span> <span class='ocrx_word' id='word_1_241' title='bbox 814 3587 844 3640; x_wconf 90' lang='lat' dir='ltr'>et</span> <span class='ocrx_word' id='word_1_242' title='bbox 871 3578 976 3659; x_wconf 81' lang='lat' dir='ltr'>uiginti</span> <span class='ocrx_word' id='word_1_243' title='bbox 997 3577 1114 3641; x_wconf 83' lang='lat' dir='ltr'>solidos</span> <span class='ocrx_word' id='word_1_244' title='bbox 1137 3597 1195 3657; x_wconf 88' lang='lat' dir='ltr'>pro</span> 
     </span>
     <span class='ocr_line' id='line_1_33' title="bbox 103 3678 1196 3764; baseline -0.004 -20"><span class='ocrx_word' id='word_1_245' title='bbox 103 3701 143 3744; x_wconf 93' lang='lat' dir='ltr'>eo</span> <span class='ocrx_word' id='word_1_246' title='bbox 167 3684 252 3763; x_wconf 92' lang='lat' dir='ltr'>quod</span> <span class='ocrx_word' id='word_1_247' title='bbox 275 3684 429 3746; x_wconf 88' lang='lat' dir='ltr'>antestetit</span> <span class='ocrx_word' id='word_1_248' title='bbox 450 3692 622 3764; x_wconf 89' lang='lat' dir='ltr'>conponat,</span> <span class='ocrx_word' id='word_1_249' title='bbox 652 3692 682 3745; x_wconf 92' lang='lat' dir='ltr'>et</span> <span class='ocrx_word' id='word_1_250' title='bbox 703 3685 810 3764; x_wconf 84' lang='lat' dir='ltr'>plagas</span> <span class='ocrx_word' id='word_1_251' title='bbox 838 3689 891 3743; x_wconf 91' lang='lat' dir='ltr'>aut</span> <span class='ocrx_word' id='word_1_252' title='bbox 911 3681 1017 3742; x_wconf 87' lang='lat' dir='ltr'>feritas</span> <span class='ocrx_word' id='word_1_253' title='bbox 1041 3679 1066 3741; x_wconf 87' lang='lat' dir='ltr'>si</span> <span class='ocrx_word' id='word_1_254' title='bbox 1087 3678 1196 3750; x_wconf 81' lang='lat' dir='ltr'>licerit,</span> 
     </span>
     <span class='ocr_line' id='line_1_34' title="bbox 104 3781 1194 3868; baseline -0.001 -21"><span class='ocrx_word' id='word_1_255' title='bbox 104 3785 184 3847; x_wconf 91' lang='lat' dir='ltr'>sicut</span> <span class='ocrx_word' id='word_1_256' title='bbox 212 3788 319 3848; x_wconf 85' lang='lat' dir='ltr'>subter</span> <span class='ocrx_word' id='word_1_257' title='bbox 345 3786 377 3846; x_wconf 90' lang='lat' dir='ltr'>in</span> <span class='ocrx_word' id='word_1_258' title='bbox 402 3785 463 3847; x_wconf 89' lang='lat' dir='ltr'>hoc</span> <span class='ocrx_word' id='word_1_259' title='bbox 485 3787 617 3846; x_wconf 90' lang='lat' dir='ltr'>edictum</span> <span class='ocrx_word' id='word_1_260' title='bbox 647 3787 802 3847; x_wconf 80' lang='lat' dir='ltr'>adnexum</span> <span class='ocrx_word' id='word_1_261' title='bbox 836 3791 884 3847; x_wconf 88' lang='lat' dir='ltr'>est</span> <span class='ocrx_word' id='word_1_262' title='bbox 913 3783 994 3868; x_wconf 84' lang='lat' dir='ltr'>[cap.</span> <span class='ocrx_word' id='word_1_263' title='bbox 1017 3781 1194 3864; x_wconf 71' lang='lat' dir='ltr'>43...12tt]</span> 
     </span>
     <span class='ocr_line' id='line_1_35' title="bbox 104 3897 273 3967; baseline 0.012 -19"><span class='ocrx_word' id='word_1_264' title='bbox 104 3897 273 3967; x_wconf 86' lang='lat' dir='ltr'>conponat.</span> 
     </span>
    </p>
   </div>
   <div class='ocr_carea' id='block_1_3' title="bbox 102 4026 1199 4361">
    <p class='ocr_par' dir='ltr' id='par_1_11' title="bbox 102 4026 1199 4282">
     <span class='ocr_line' id='line_1_36' title="bbox 104 4026 1195 4098; baseline -0.005 -18"><span class='ocrx_word' id='word_1_265' title='bbox 104 4026 126 4098; x_wconf 76' lang='grc' dir='ltr'>ι)</span> <span class='ocrx_word' id='word_1_266' title='bbox 147 4028 204 4082; x_wconf 84' lang='lat' dir='ltr'>lioc</span> <span class='ocrx_word' id='word_1_267' title='bbox 222 4030 330 4083; x_wconf 82' lang='lat' dir='ltr'>verbum</span> <span class='ocrx_word' id='word_1_268' title='bbox 349 4045 365 4080; x_wconf 84' lang='lat' dir='ltr'>a</span> <span class='ocrx_word' id='word_1_269' title='bbox 383 4029 464 4097; x_wconf 77' lang='lat' dir='ltr'>Sunq.</span> <span class='ocrx_word' id='word_1_270' title='bbox 481 4033 629 4082; x_wconf 79' lang='lat' dir='ltr'>resecatum</span> <span class='ocrx_word' id='word_1_271' title='bbox 648 4034 696 4089; x_wconf 82' lang='lat' dir='ltr'>ert.</span> <span class='ocrx_word' id='word_1_272' title='bbox 770 4029 790 4095; x_wconf 79' lang='lat'>²)</span> <span class='ocrx_word' id='word_1_273' title='bbox 809 4029 854 4081; x_wconf 87' lang='lat' dir='ltr'>Sic</span> <span class='ocrx_word' id='word_1_274' title='bbox 873 4029 1007 4096; x_wconf 67' lang='lat' dir='ltr'>tepentem</span> <span class='ocrx_word' id='word_1_275' title='bbox 1027 4039 1086 4078; x_wconf 77' lang='lat' dir='ltr'>esse</span> <span class='ocrx_word' id='word_1_276' title='bbox 1104 4027 1131 4076; x_wconf 87' lang='lat' dir='ltr'>in</span> <span class='ocrx_word' id='word_1_277' title='bbox 1150 4026 1195 4075; x_wconf 84' lang='lat' dir='ltr'>in-</span> 
     </span>
     <span class='ocr_line' id='line_1_37' title="bbox 105 4115 1199 4186; baseline -0.004 -15"><span class='ocrx_word' id='word_1_278' title='bbox 105 4119 163 4172; x_wconf 80' lang='lat' dir='ltr'>dice</span> <span class='ocrx_word' id='word_1_279' title='bbox 190 4122 300 4172; x_wconf 75' lang='lat' dir='ltr'>maioris</span> <span class='ocrx_word' id='word_1_280' title='bbox 326 4121 449 4173; x_wconf 78' lang='lat' dir='ltr'>editionis</span> <span class='ocrx_word' id='word_1_281' title='bbox 467 4135 490 4172; x_wconf 76' lang='lat' dir='ltr'>s.</span> <span class='ocrx_word' id='word_1_282' title='bbox 515 4135 539 4172; x_wconf 87' lang='lat' dir='ltr'>e.</span> <span class='ocrx_word' id='word_1_283' title='bbox 566 4120 709 4173; x_wconf 74' lang='lat' dir='ltr'>corollaria</span> <span class='ocrx_word' id='word_1_284' title='bbox 736 4123 845 4174; x_wconf 85' lang='lat' dir='ltr'>conieci.</span> <span class='ocrx_word' id='word_1_285' title='bbox 902 4115 1038 4186; x_wconf 61' lang='lat' dir='ltr'>siginificat</span> <span class='ocrx_word' id='word_1_286' title='bbox 1062 4118 1144 4183; x_wconf 80' lang='lat' dir='ltr'>enim,</span> <span class='ocrx_word' id='word_1_287' title='bbox 1171 4117 1199 4167; x_wconf 85' lang='lat' dir='ltr'>m&#39;</span> 
     </span>
     <span class='ocr_line' id='line_1_38' title="bbox 102 4207 509 4282; baseline 0 -20"><span class='ocrx_word' id='word_1_288' title='bbox 102 4207 193 4282; x_wconf 75' lang='lat' dir='ltr'>scitor,</span> <span class='ocrx_word' id='word_1_289' title='bbox 212 4214 298 4280; x_wconf 78' lang='lat' dir='ltr'>stupri</span> <span class='ocrx_word' id='word_1_290' title='bbox 317 4213 509 4279; x_wconf 78' lang='lat' dir='ltr'>adpetitionem.</span> 
     </span>
    </p>

    <p class='ocr_par' dir='ltr' id='par_1_12' title="bbox 967 4301 986 4361">
     <span class='ocr_line' id='line_1_39' title="bbox 967 4301 986 4361; baseline 0 0"><span class='ocrx_word' id='word_1_291' title='bbox 967 4301 986 4361; x_wconf 81' lang='lat'>2</span> 
     </span>
    </p>
   </div>
   <div class='ocr_carea' id='block_1_4' title="bbox 0 0 1300 4710">
    <p class='ocr_par' dir='ltr' id='par_1_13' title="bbox 0 0 1300 4710">
     <span class='ocr_line' id='line_1_40' title="bbox 0 0 1300 4710; baseline 0 0"><span class='ocrx_word' id='word_1_292' title='bbox 0 0 1300 4710; x_wconf 95' lang='lat' dir='ltr'> </span> 
     </span>
    </p>
   </div>
  </div>
 </body>
</html>
