2574 4710
92 364 134 430 88
249 360 487 425 LIVTPRANDI
508 358 633 420 LEGES
655 356 750 417 ANNI
772 359 809 419 V.
832 352 914 420 CAP.
937 356 966 418 7.
989 352 1019 418 8.

93 546 207 628 pagina
240 546 353 627 legitur
383 544 544 617 instituta,
578 561 660 604 anno
694 539 809 603 scilicet
840 537 928 620 regui
958 535 1059 599 nostri
1090 536 1180 616 primo

93 647 263 711 indictione
290 647 456 708 undecima
486 661 628 725 eaquae
657 643 748 704 uobis
769 641 950 721 nostrisque
977 638 1128 701 iudicibus
1155 643 1183 700 et

95 748 223 829 refiquis
253 747 453 829 langobardis
481 746 634 807 fedelibus
662 743 778 806 nostris
807 745 847 804 ob
878 743 928 803 dei
957 741 1069 804 timore
1098 748 1182 820 atque

97 871 205 913 amore
235 859 321 912 recta
352 856 597 928 conparuerunt,
629 846 661 906 in
690 845 792 907 antico
821 843 912 906 edicti
944 861 1079 924 corpore
1107 848 1183 902 recto

98 954 221 1015 adicere
243 951 420 1013 curauimus
450 949 674 1010 moderamine.
723 947 810 1008 Nunc
830 947 942 1008 iterum
965 952 1121 1007 annuente
1141 944 1184 1004 dci

98 1054 318 1135 omnipotentis
341 1050 554 1114 misericordia
577 1049 646 1111 diae
669 1049 869 1110 calendarum
891 1046 1091 1118 martiarum,
1112 1058 1185 1106 anuo

98 1156 185 1237 regni
213 1154 312 1219 nostri
340 1155 399 1216 deo
425 1153 561 1233 propitio
589 1153 713 1232 quinto,
740 1151 907 1212 indictione
930 1150 1039 1231 quinta
1066 1147 1187 1220 decima.
1234 1156 1237 1199 t

100 1257 190 1320 simili
224 1258 319 1319 modo
357 1275 429 1317 cum
466 1255 609 1316 omuibus
648 1253 801 1314 iudicibus
834 1252 957 1315 nostris¹
982 1254 1022 1313 de
1055 1250 1185 1332 partibus

101 1359 238 1421 austriae
261 1366 293 1420 et
312 1356 470 1419 neustriae
485 1375 608 1416 necnon
631 1362 662 1416 ct
684 1356 722 1415 de
744 1354 861 1443 tusciae
876 1353 990 1418 finibus
1014 1373 1072 1416 seu
1088 1353 1186 1415 ceteris

100 1460 215 1523 nostris
251 1457 452 1540 langobardis
483 1458 586 1518 adhuc
617 1456 818 1536 preuidemus
849 1457 1007 1538 adaugere
1036 1456 1104 1528 illa,
1138 1473 1192 1534 que

102 1562 162 1623 deo
185 1560 339 1621 credimus
361 1558 474 1637 placita
496 1578 575 1631 esse,
599 1558 685 1620 utin
708 1558 809 1620 multis
833 1558 934 1620 causis
957 1566 989 1620 et
1009 1557 1087 1619 locis
1110 1556 1193 1636 proi»

103 1664 235 1722 beantur
256 1659 401 1740 periuria,
425 1666 456 1720 et
477 1678 591 1721 causae
613 1678 695 1740 quae
717 1679 736 1720 a
758 1659 997 1740 quibuscunque
1018 1656 1191 1721 bominibus

104 1762 345 1824 misericorditer
360 1761 576 1840 disponuntur,
597 1761 629 1821 in
651 1764 770 1840 peccati
785 1761 887 1823 bouus
904 1761 1051 1841 deinceps
1073 1776 1197 1840 nequa·

105 1883 201 1944 quam
215 1864 390 1948 procidant,
413 1869 444 1923 et
458 1861 534 1934 illut,
558 1862 643 1942 quod
665 1862 796 1924 forsitan
819 1872 910 1925 antea
932 1863 1101 1924 uideuatur
1121 1864 1195 1924 obs-

104 1984 190 2038 curo,
213 1984 294 2026 nunc
316 1963 460 2025 omuibus
482 1963 550 2024 luce
571 1965 683 2026 clarius
706 1964 864 2027 enetiscat.
900 1966 1038 2026 Primum
1061 1964 1198 2026 omnium

105 2068 144 2128 de
166 2068 347 2148 morgingab
371 2064 545 2131 mulierum.

189 2172 218 2234 7.
240 2168 264 2228 Ι.
309 2167 340 2228 Si
363 2166 431 2246 quis
454 2167 666 2248 langobardus
689 2169 871 2248 morgingab
888 2168 1009 2248 coniugi
1032 2185 1111 2229 suae
1127 2167 1201 2227 dare

106 2269 252 2344 uoluerit,
276 2270 403 2350 quando
427 2287 497 2329 eam
519 2269 576 2330 sibi
597 2268 629 2329 in
652 2269 795 2351 coniugio
823 2269 1005 2341 sociauerit‚
1031 2268 1077 2329 ita
1099 2268 1204 2328 dicer-

105 2372 207 2433 nimus
235 2372 352 2432 utalia
381 2370 451 2430 diae
479 2378 550 2431 ante
577 2379 724 2449 parentes
752 2381 783 2433 et
810 2372 926 2434 amicos
955 2389 1029 2433 suos
1058 2364 1206 2431 ostendat.

106 2480 163 2553 per
186 2473 334 2552 scriptum
351 2492 369 2534 a
385 2471 512 2533 testibus
536 2480 718 2533 rouoratum
741 2482 772 2534 et
793 2474 889 2534 dicat:
914 2471 1007 2552 „quia
1029 2488 1103 2530 ecce
1120 2470 1201 2550 quod

107 2573 230 2654 coniugi
253 2593 341 2636 meae
363 2573 545 2653 morgingab
569 2573 671 2645 dedi“‚
702 2583 736 2635 ut
758 2577 789 2635 in
817 2575 921 2635 futuro
943 2594 1002 2653 pro
1024 2572 1087 2634 bac
1109 2590 1206 2634 causa

107 2674 243 2754 periurio
271 2693 335 2735 non
364 2682 535 2753 percurrat.
587 2660 693 2753 Ipsum
721 2683 825 2736 autem
852 2675 1035 2756 morgingap
1057 2673 1204 2736 nolumus

109 2783 143 2836 ut
159 2774 291 2854 amplius
307 2775 355 2848 sit,
377 2775 436 2837 nisi
452 2760 564 2855 quarta
584 2794 658 2855 pars
676 2776 715 2836 de
736 2776 802 2839 eius
825 2776 1009 2851 substantia,
1034 2776 1087 2856 qui
1102 2776 1208 2856 ipsum

110 2877 292 2956 morgingab
314 2876 395 2942 fecit.
445 2876 477 2937 Si
504 2877 628 2956 quidem
658 2877 758 2940 minus
785 2879 919 2941 uoluerit
946 2879 1022 2940 dare
1044 2878 1084 2938 de
1111 2881 1206 2940 rebus

110 2978 184 3051 suis,
207 2995 303 3057 quam
325 2978 394 3058 ipsa
417 2987 529 3057 quarta
550 2978 653 3058 portio
676 2980 724 3052 sit,
747 2980 864 3042 babeat
884 2980 914 3040 in
938 2980 1083 3042 omnibus
1106 2980 1208 3041 licen-

109 3078 185 3140 tiam
215 3079 309 3140 dandi
338 3087 487 3160 quantum
521 3080 667 3156 uoluerit;
700 3100 774 3143 nam
808 3101 902 3161 super
929 3083 1031 3162 ipsam
1060 3091 1210 3162 quartam

109 3179 287 3260 portionem
309 3181 385 3242 dare
405 3181 581 3244 nullatenus
604 3183 713 3262 possit.

194 3283 224 3349 8.
246 3282 283 3348 11.
326 3284 373 3344 De
395 3284 536 3350 testibus.
589 3284 620 3345 Si
643 3284 879 3365 qualiscumque
906 3304 1002 3347 causa
1022 3285 1105 3348 inter
1127 3304 1213 3347 con-

109 3383 239 3445 libertus
262 3391 317 3445 aut
336 3385 474 3465 parentis
497 3386 677 3447 conuenerit
704 3394 757 3447 aut
785 3394 853 3447 acta
875 3387 983 3456 fuerit,
1012 3396 1043 3450 et
1064 3387 1213 3451 homines-

111 3484 185 3545 boni
213 3492 276 3546 tres
305 3493 358 3547 aut
381 3494 527 3566 quattuor
547 3488 765 3560 imminerent,
792 3507 855 3549 non
882 3499 1070 3568 reprouetur
1096 3499 1210 3569 postca

110 3585 180 3664 ipsa
203 3604 307 3660 causa,
329 3586 388 3649 nisi
412 3607 521 3649 eorum
544 3590 753 3652 testimonium
770 3591 861 3650 ambe
875 3590 973 3669 partis
996 3591 1134 3664 credant,
1154 3592 1208 3673 qui

110 3687 233 3749 fuerent
253 3687 349 3763 inter;
378 3709 436 3768 pro
460 3691 546 3752 cuius
570 3699 674 3752 autem
696 3709 791 3752 causa
819 3691 905 3753 testis
931 3691 975 3751 illi
997 3693 1214 3755 testimonium

110 3788 340 3862 reddederent‚
372 3789 441 3870 ipse
474 3792 571 3854 bomo
606 3792 763 3880 causatori
797 3811 854 3854 suo
887 3812 944 3872 per
977 3793 1213 3858 sacramentum

111 3889 292 3977 satisfaciat.
343 3891 442 3954 Testis
463 3913 548 3954 uero
577 3893 638 3973 ipsi
665 3893 743 3956 tales
771 3894 846 3967 sint,
880 3914 1016 3974 quorum
1045 3897 1152 3976 opinio
1179 3898 1214 3958 in

111 3991 201 4053 bonis
223 3991 373 4071 precellat
394 3994 553 4074 operibus,
577 4003 608 4057 et
624 3994 737 4076 quibus
752 3993 832 4058 fides
848 3997 1005 4071 amittitur,
1027 3996 1079 4057 uel
1093 3998 1214 4077 quibus

110 4093 256 4174 princeps
284 4102 338 4157 aut
366 4095 432 4156 eius
461 4095 578 4158 iudices
608 4096 737 4159 credere
764 4106 903 4178 possent.
956 4099 994 4161 Et
1022 4099 1048 4160 si
1074 4099 1211 4162 forsitan

110 4195 313 4258 rememorati
337 4202 433 4260 testes
462 4198 625 4260 ueritatem
651 4216 752 4279 ipsam
790 4200 892 4262 celare
924 4199 1104 4279 uoluerant,
1135 4210 1215 4266 tuuc
