2574 4710
97 352 156 418 140
238 350 474 415 LlVTPRANDl
494 350 618 413 Lacus
638 349 733 411 ANNI
753 351 839 417 lllll.
862 351 945 418 GAP.
968 353 1038 419 138.

96 543 200 598 autem
221 555 277 618 per
298 535 380 597 uiam
407 534 572 598 ambolarit
592 535 659 623 ille,
688 536 741 616 qui
771 554 840 598 eam
869 537 910 597 ad
936 543 1066 599 souecto
1087 555 1170 599 ecoe-
1210 510 1212 525 Ι

95 646 193 718 perat,
216 638 349 719 contegit
369 646 403 700 ut
423 638 546 700 infantis
568 637 599 698 11
614 639 752 718 quodam
774 638 843 700 uico
862 639 971 701 stantis
993 637 1062 718 ipse
1076 639 1171 721 polle-

95 759 152 802 nus
169 740 207 800 de
221 740 336 801 calcem
353 740 503 821 percussit
516 733 611 801 uuum
635 758 673 800 111
694 740 785 821 ipsis,
809 748 840 803 11
860 747 1000 803 mortuos
1016 748 1074 806 est.
1099 742 1169 803 Dum

95 849 197 903 autem
213 843 355 922 parentis
384 842 450 905 eius
478 841 663 923 requirirent
688 851 821 904 mortem
848 842 945 923 ipsius
970 842 1170 917 intentato

94 942 184 1005 nobis
205 944 367 1007 retulissit:
402 944 445 1006 ita
473 945 690 1025 prospeximus
719 963 788 1006 cum
816 945 932 1007 nostris
954 945 1120 1018 iudicibus,
1142 953 1169 1007 ut
1208 926 1212 1015 l

95 1046 172 1108 duas
199 1045 296 1126 partis
324 1046 434 1126 precii,
468 1045 599 1127 qualiter
622 1046 690 1126 ipse
714 1045 828 1108 iulans*
843 1046 991 1121 ualuerit,
1024 1057 1167 1126 conponat

92 1147 144 1208 ille
158 1148 243 1211 cuius
257 1148 399 1228 pollenus
421 1147 490 1221 luit,
512 1147 602 1210 tertia
617 1155 773 1229 conponat
786 1148 851 1224 1111,
875 1149 922 1209 111
936 1149 1037 1228 ipsum
1053 1148 1165 1233 iumen-

94 1257 158 1311 tum
183 1251 346 1330 prestitum
372 1251 482 1336 fuerat.
533 1236 611 1311 Nam
632 1269 690 1312 uos
712 1251 840 1324 scimus,
869 1250 941 1331 qnia
966 1251 997 1311 iu
1024 1250 1166 1311 anteriore

95 1352 194 1414 edicto
217 1351 406 1437 [11111326]
428 1352 552 1433 legitur:
575 1353 622 1426 „si
644 1352 779 1415 cauallus
802 1371 871 1415 cum
893 1351 1008 1415 calcem
1031 1351 1163 1413 damnum

70 1455 212 1528 lecerit,
237 1454 381 1541 dqminus
409 1454 473 1516 eius
502 1461 659 1535 conponat
684 1455 786 1534 ipsum
813 1455 995 1516 damnum“:
1023 1454 1080 1539 sed
1103 1454 1163 1534 quia

92 1558 151 1619 iste
167 1556 302 1618 caballus
317 1556 478 1636 prestitum
499 1556 571 1629 fuit,
594 1563 625 1617 et
644 1556 712 1636 ipsc
734 1556 786 1637 qui
807 1576 877 1617 eum
899 1555 1035 1643 suscepit
1054 1556 1086 1616 iu
1099 1575 1163 1636 pre-

94 1659 207 1731 stitum,
230 1657 412 1718 rationalem
433 1658 530 1719 homo
552 1657 620 1730 fuit,
650 1667 681 1719 11
701 1658 801 1738 potuit
821 1659 937 1737 dicere,
967 1659 993 1720 si
1015 1656 1162 1719 neclictum
1209 1700 1212 1719 .

93 1780 156 1823 non
183 1760 338 1823 habuissit
363 1760 402 1821 ad
429 1760 529 1840 ipsum
552 1759 700 1822 infantem
731 1768 824 1823 1111
850 1759 1032 1829 custodiret,
1064 1767 1098 1821 ut
1115 1758 1164 1821 hoc
1209 1774 1212 1787 ’

94 1863 209 1924 malum
230 1883 293 1923 non
313 1861 496 1942 preueuiret.
542 1862 679 1942 Ideoque
698 1842 757 1942 pro
779 1861 847 1942 ipsa
868 1860 1092 1942 neclegentiam
1111 1862 1160 1923 1111
1210 1906 1212 1911 -

94 1965 239 2037 diximus,
261 1971 294 2024 ut
313 1963 434 2025 tertiam
456 1971 577 2043 partem
597 1963 688 2043 pretii
709 1957 875 2043 conponat

179 2067 247 2132 138.
274 2064 366 2129 Vllll.
416 2064 484 2142 Hoc
512 2072 616 2137 autem
647 2064 693 2126 rei
718 2065 836 2128 'ueritas
864 2065 1006 2145 peruenit
1037 2065 1077 2127 ad
1107 2084 1166 2135 nos,

94 2169 177 2249 quod
199 2168 322 2248 quidam
345 2167 441 2229 homo
456 2167 614 2229 diabolum
633 2167 829 2248 instigantem
851 2167 971 2229 dirissit
991 2167 1032 2228 ad
1055 2186 1164 2247 seruum

93 2266 364 2343 alienumz'„Veni
385 2276 417 2332 et
436 2271 542 2331 occide
564 2272 843 2343 dominumtuum,
865 2276 897 2330 et
917 2286 975 2350 ego
996 2269 1054 2329 tibi
1074 2269 1164 2330 tacere

93 2372 196 2434 habeo
219 2371 389 2433 bonitatem
412 2391 506 2451 quam
527 2372 694 2439 uolueris“.
742 2372 796 2433 llle
818 2379 920 2432 autem
941 2390 1037 2451 puer,
1066 2389 1166 2433 suasus

95 2474 243 2554 abipso,
274 2473 400 2535 intrauit
424 2475 456 2534 in
482 2493 607 2537 causam
634 2473 734 2553 ipsam
762 2471 892 2546 malam,
924 2472 1102 2554 ethisdem
1123 2472 1169 2553 qui

95 2594 163 2637 eum
186 2583 342 2649 suaserat,
370 2575 540 2638 intentam
562 2575 710 2639 malitiam
737 2557 902 2656 perductus
925 2580 987 2649 est,
1009 2581 1045 2636 ut
1064 2574 1169 2636 aetiam

93 2677 309 2758 presentaliter
340 2677 448 2738 dicerit
480 2678 579 2739 eidem
606 2698 720 2759 puero:
763 2676 851 2753 „Feri
884 2676 985 2756 ipsum
1016 2676 1169 2737 dominum

93 2787 209 2851 tuum“,
232 2786 262 2839 et
281 2779 349 2858 ipse
371 2779 399 2839 11
420 2798 478 2858 pro
503 2781 637 2860 peccatis
659 2780 780 2842 feritam
803 2778 887 2851 fecit,
916 2779 1079 2839 etiterum
1102 2777 1171 2840 dixit

94 2881 135 2941 ei:
179 2881 267 2954 „Feri
295 2899 365 2940 eum
391 2880 507 2953 adhuc,
540 2901 612 2943 nam
641 2882 668 2944 si
695 2902 757 2943 nou
784 2899 854 2941 eum
874 2878 1032 2952 leriueris,
1066 2899 1125 2961 ego
1145 2887 1173 2941 te

92 2983 185 3044 ferire
198 2984 333 3047 habeo“.
365 2983 435 3063 lpse
451 2991 553 3046 autem
566 3003 645 3065 puer
659 3003 826 3045 conuersus
847 2980 919 3042 fecit
933 2981 1033 3042 eidem
1049 2982 1173 3044 domiuo

94 3105 151 3148 suo
174 3084 303 3147 alteram
324 3084 461 3158 feritam,
484 3095 514 3146 et
536 3093 675 3148 mortuos
699 3093 753 3151 est.
789 3086 871 3145 Dum·
892 3090 994 3144 autem
1014 3083 1174 3163 requisitio

95 3189 133 3248 de
155 3195 287 3249 mortem
309 3187 373 3249 aius
397 3188 487 3248 etde
513 3187 758 3268 conpositionem
783 3186 880 3259 fierit,
911 3185 1038 3246 uolebat
1066 3184 1174 3266 aliquis

94 3289 215 3363 dicere,
253 3290 335 3369 qnod
367 3296 485 3351 tantum
519 3289 636 3351 deuerit
668 3300 845 3369 conponere
876 3286 946 3360 his,
985 3285 1035 3367 qui
1073 3288 1174 3368 ipsum

92 3409 224 3470 puerum
251 3391 348 3452 suasit
375 3398 405 3451 et
425 3391 456 3452 in
482 3391 529 3454 sui
549 3391 738 3472 presentiam
766 3392 867 3470 ipsum
895 3388 1054 3449 hominem
1082 3389 1177 3450 ferire

94 3492 183 3566 dixit,
210 3500 357 3573 quantum
380 3493 495 3555 edictus
522 3493 659 3556 anterior
686 3492 822 3555 contenit
847 3491 886 3551 de
917 3490 1046 3552 consilio
1068 3492 1178 3554 mortis

95 3594 193 3679 [111111.
217 3593 278 3678 ill.
321 3595 381 3655 Sed
403 3595 492 3657 nobis
521 3603 552 3656 11
575 3580 690 3657 nostris
718 3593 866 3656 iudicibus
892 3592 953 3653 hoc
973 3591 1057 3653 nullo
1080 3594 1179 3655 modo

93 3696 220 3776 placuit,
242 3696 389 3775 quoniam
410 3696 572 3759 consilium
588 3697 695 3759 mortis
717 3697 747 3757 in
770 3695 888 3756 occulte
902 3692 957 3754 fiet
971 3694 1177 3770 cou‘cinatum,

94 3804 126 3860 et
146 3798 328 3878 aliquotiens
350 3798 523 3879 perficitur,
552 3806 583 3860 et
609 3799 792 3879 aliquotiens
814 3815 877 3857 111
897 3789 1069 3876 perficitur:
1101 3816 1177 3859 uam

93 3901 155 3964 hoc
175 3900 373 3962 humicidium
390 3901 607 3981 presentaliter
625 3902 740 3963 factum
762 3907 821 3974 est,
845 3906 875 3960 et
888 3917 946 3960 uos
960 3916 1023 3958 111
1039 3896 1178 3962 dicemus

95 4023 164 4066 esse
190 4003 368 4077 consilium,
400 4004 524 4083 quando
549 4005 646 4067 homo
675 4003 763 4065 alteri
792 4000 910 4062 homini
940 3999 1121 4062 uerbotiuus
1150 4008 1181 4062 et

93 4105 307 4186 presentaliter
336 4105 505 4166 ostenderit
537 4114 568 4168 et
595 4105 694 4169 dicat:
738 4104 827 4178 „Feri
857 4101 1016 4165 homiuem
1050 4101 1176 4164 istum“.

92 4207 244 4287 ldeoque,
267 4206 318 4287 qui
339 4205 432 4268 talem
450 4207 567 4268 malum
590 4207 761 4293 comiserit,
790 4213 821 4269 et
842 4205 867 4268 si
888 4210 1053 4285 pronatum
1074 4203 1180 4278 tuerit,
