2574 4710
82 342 124 406 42
300 339 466 403 EDICTVS
487 337 665 402 ROTHARI
687 338 770 406 CAP.
795 341 973 407 198-201.

82 532 113 585 et
128 523 240 585 dixerit
263 543 298 585 sc
312 543 407 605 posse
423 526 568 603 probare,
590 532 663 585 tunc
684 543 741 604 per
756 525 976 605 camphionem
993 545 1093 588 causa
1109 527 1183 607 ipsa,

80 625 112 686 id
135 633 183 687 est
203 645 261 704 per
282 644 419 706 pugnam
441 625 480 685 ad
504 624 553 685 dei
575 625 722 686 iudicium
744 626 938 693 decernatur.
992 628 1032 689 Et
1055 627 1083 689 si
1105 648 1182 707 pro-

80 734 190 788 natum
210 726 323 798 fuerit,
356 725 409 787 illa
432 728 473 788 sit
495 726 655 806 culpabilis
678 727 756 789 sicut
777 729 808 787 in
830 727 892 789 hoc
913 729 1048 791 edictum
1072 729 1180 810 legitur

81 827 263 912 [0031891
295 828 334 889 Et
356 826 456 890 311110
479 827 531 908 qui
552 828 668 888 crimen
690 827 783 904 misit,
805 848 942 908 prouare
957 850 1021 892 nun
1036 832 1179 910 potuerit,

80 929 221 1010 uuergild
242 929 339 1010 ipsius
363 928 499 991 mulieris
522 930 692 991 secundum
706 931 865 992 nationem
887 950 978 993 suam
1002 951 1178 1012 conponere

81 1031 285 1112 conpellatur.

167 1135 237 1199 199.
283 1132 314 1193 Si
335 1132 430 1193 uidua
451 1132 483 1192 in
499 1132 593 1193 domo
615 1133 712 1213 patris
735 1152 880 1214 regressa
902 1134 1002 1194 fuerit.
1041 1134 1074 1194 Si
1092 1143 1177 1214 pater

79 1234 178 1298 filiam
193 1254 284 1298 suam
299 1241 353 1295 aut
363 1234 461 1296 frater
471 1253 614 1296 sororem
626 1235 667 1296 ad
678 1235 822 1296 maritum
834 1235 963 1311 dederit,
977 1242 1007 1296 et
1019 1236 1177 1316 contigerit

80 1356 182 1411 casus,
205 1335 311 1398 utillo
333 1336 461 1398 maritus
485 1336 645 1412 moriatur,
668 1344 700 1397 et
720 1344 809 1416 pater
830 1344 884 1398 aut
903 1337 1000 1398 frater
1019 1337 1176 1398 mundium

80 1440 145 1502 eius
167 1437 355 1508 liberauerit,
378 1437 456 1498 sicut
470 1455 566 1516 supra
582 1437 665 1521 [cup.
683 1438 753 1522 183]
771 1439 971 1500 constitutum
993 1446 1051 1514 est,
1076 1445 1107 1500 et
1127 1439 1176 1500 illa

78 1541 110 1601 in
132 1541 227 1600 domo
248 1537 346 1618 patris
375 1544 429 1598 aut
454 1537 558 1599 fratris
585 1557 730 1618 regressa
752 1539 859 1615 fuerit,
891 1550 921 1602 et
949 1539 1027 1602 alias
1050 1559 1176 1603 sorores

78 1642 110 1702 in
133 1659 206 1702 casa
221 1639 319 1720 patris
342 1645 397 1700 aut
417 1638 520 1700 fratris
543 1638 704 1716 inuenerit,
728 1649 759 1701 et
780 1650 891 1720 postea
906 1647 998 1720 pater
1012 1649 1067 1703 aut
1081 1641 1178 1704 frater

79 1751 219 1805 mortuos
242 1741 343 1814 fuerit,
366 1748 397 1801 et
416 1739 470 1801 illa
492 1741 678 1802 remanserit
697 1741 728 1801 in
744 1743 840 1803 domo
864 1761 933 1802 curn
955 1742 1033 1805 alias
1050 1762 1175 1806 sorores

79 1864 141 1906 una
162 1852 215 1905 aut
235 1843 358 1923 plures,
386 1847 417 1902 et
438 1842 477 1902 ad
499 1841 679 1904 facultatem
706 1843 804 1922 putris
835 1850 889 1905 aut
908 1844 1013 1906 fratris
1036 1846 1179 1907 uenerint

78 1944 277 2006 diuidendam
306 1962 376 2003 cum
406 1942 483 2004 alids
513 1952 658 2022 parentes
687 1952 740 2006 aut
762 1953 880 2006 curtem
903 1946 1000 2026 regis:
1029 1955 1104 2008 tunc
1124 1948 1176 2009 illa

79 2048 187 2121 uidua,
211 2044 316 2124 quiin
338 2045 434 2119 domo
457 2045 552 2124 patris
583 2053 636 2107 aut
664 2046 767 2108 fratris
794 2066 939 2126 regressa
966 2055 1027 2121 est,
1059 2048 1178 2111 habeat

76 2148 136 2212 sibi
155 2149 187 2208 in
209 2152 302 2208 antea
329 2145 511 2227 morgingab
535 2155 566 2209 et
588 2148 715 2230 metfyo.
765 2149 811 2209 De
838 2148 972 2210 faderfio
1002 2158 1123 2224 autem,
1146 2151 1178 2211 id

77 2258 125 2313 est
147 2256 297 2331 quantum
320 2249 359 2308 de
382 2248 443 2311 alia
466 2250 564 2324 dona,
596 2250 723 2328 quando
746 2250 786 2311 ad
817 2249 962 2319 maritum
992 2251 1177 2323 ambulauit‚

76 2358 166 2433 pater
188 2356 242 2410 aut
261 2349 359 2411 frater
381 2350 409 2410 ei
424 2350 516 2422 dedit,
540 2351 640 2413 mittat
660 2352 691 2412 in
707 2351 836 2413 confuso
852 2371 923 2411 cum
944 2351 1021 2414 alias
1037 2373 1177 2425 sorores,

76 2463 107 2517 et
134 2453 187 2514 illa
216 2451 295 2514 aliae
322 2470 449 2513 surorcs
477 2472 539 2514 una
569 2461 621 2514 aut
649 2452 754 2532 plures
784 2452 895 2514 tollant
924 2454 1121 2534 unuquisqua
1145 2456 1177 2516 in

76 2563 167 2620 antea
189 2560 327 2627 tantum,
351 2561 501 2634 quantum
522 2574 581 2635 pro
604 2554 763 2614 mundium
785 2562 875 2633 pater
897 2562 951 2617 aut
972 2555 1070 2618 frater
1091 2556 1176 2618 libe-

21 2676 24 2681 ·
75 2658 207 2721 randum
236 2655 275 2718 ad
304 2664 448 2734 parentes
478 2656 579 2718 mariti
607 2656 743 2717 defuncti
770 2656 864 2721 dedit.
916 2658 1047 2738 Reliqua
1076 2660 1178 2738 patris¹

75 2760 126 2822 uel
153 2757 256 2819 fratris
284 2758 457 2820 substantia
486 2777 586 2838 aequa
613 2757 732 2819 lanciae
762 2757 921 2834 diuident,
948 2759 1027 2820 sicut
1053 2760 1086 2819 in
1112 2761 1177 2822 hoc

74 2861 208 2924 edictum
222 2858 333 2940 legitur
356 2858 437 2942 [cup.
455 2860 530 2924 158.
545 2911 551 2924 .
565 2859 663 2944 ,1601
694 2860 780 2922 Etsi
802 2861 871 2922 3013
892 2861 923 2920 13
946 2880 1019 2923 0333
1042 2881 1176 2924 reman-

74 2962 165 3038 serit,
191 2960 223 3021 in
245 2967 396 3039 quantum
418 2959 447 3020 ci
467 2979 524 3039 per
545 2959 646 3041 legem
669 2961 813 3039 conpetit,
834 2961 927 3024 heres
950 2964 1106 3029 succedat.

156 3063 228 3126 200.
271 3060 318 3120 De
340 3060 493 3123 occisione
516 3060 662 3128 mulieris.
713 3063 744 3122 Si
766 3063 893 3125 maritus
924 3083 1054 3124 uxorem
1081 3087 1174 3129 suam

74 3162 220 3230 occiderit
240 3161 461 3239 inmerentem,
493 3163 577 3243 quod
599 3183 656 3243 per
676 3159 778 3244 legem
802 3164 884 3248 [cap.
907 3167 979 3230 202.
1001 3168 1073 3232 211.
1097 3168 1171 3252 212]

74 3265 190 3332 333311
205 3263 313 3326 merita
329 3263 417 3336 mori,
440 3276 597 3343 conponat
612 3265 729 3327 solidos
745 3265 828 3325 mille
844 3267 1024 3339 duocentris,
1048 3269 1172 3329 medie-

73 3378 169 3437 utem
195 3365 254 3426 illis
288 3366 482 3445 parentibus,
514 3366 565 3447 qui
600 3386 671 3429 eam
699 3367 739 3428 ad
771 3367 915 3430 maritum
945 3368 1110 3444 dederuut,
1140 3379 1171 3433 ct

74 3468 232 3536 mundium
253 3466 462 3545 susciperunt,
485 3469 716 3530 etmedietatem
737 3469 812 3549 regi,
834 3470 875 3532 ita
897 3478 930 3531 ut
952 3489 1009 3549 per
1030 3481 1171 3534 actorem

72 3572 154 3656 mis
183 3567 396 3647 distringatur,
424 3575 456 3629 et
476 3588 578 3654 poena
600 3570 812 3650 suprascripta
835 3579 1040 3650 conponatur.
1083 3574 1169 3637 Etsi

75 3674 155 3743 ms
176 3671 215 3731 de
235 3669 304 3749 ipsa
326 3671 454 3731 muliere
480 3670 639 3745 habuerit,
665 3672 802 3734 habeant
836 3672 891 3733 filii
922 3674 1105 3755 morgingab
1139 3684 1170 3738 et

72 3772 212 3855 ffiyo
245 3771 350 3832 matris
385 3791 461 3834 suae
492 3782 644 3840 mortuae.
706 3775 744 3836 Et
777 3775 803 3838 si
830 3774 911 3837 filius
940 3794 979 3836 ex
1006 3776 1076 3856 ipsa
1104 3797 1169 3838 non

72 3872 230 3947 iuuerit,
256 3880 431 3935 reuertatur
456 3874 523 3954 ipsu
550 3876 681 3939 facultas
705 3877 744 3938 ad
767 3884 929 3956 parentes,
959 3878 1011 3958 qui
1033 3899 1105 3941 eam
1127 3880 1166 3941 ad

73 3975 217 4049 W
243 3973 404 4041 dederunt.
457 3977 496 4037 Et
522 3977 548 4039 si
568 3985 713 4057 parentes
743 3999 807 4039 non
834 3979 963 4052 fuerint,
996 3988 1069 4041 tunc
1097 3981 1166 4060 ipsa

70 4076 242 4163 equitio
265 4083 295 4136 et
315 4077 472 4155 praedicta
487 4078 618 4141 facultas
642 4081 681 4141 ad
703 4088 822 4142 curtem
843 4082 924 4162 regis
945 4082 1117 4162 perueniat.

25 4178 40 4261 J
154 4179 225 4247 291.
267 4176 314 4237 Dc
337 4179 465 4240 muliere
490 4180 589 4243 libera
619 4191 688 4244 asto
711 4185 822 4250 occisa.
872 4185 904 4246 Si
930 4184 998 4265 quis
1027 4185 1183 4264 puellam
