2574 4710
153 345 194 409 84
504 341 743 405 LlVTl‘RANDl
764 341 898 407 LEGES.

435 524 495 594 [llll
514 524 617 581 ANNO
638 525 808 582 VlGlSlMO
829 524 966 594 pulmo]

154 621 216 684 526
240 617 336 704 [130].
370 617 403 678 Si
438 616 506 696 quis
540 617 653 678 dixerit
686 617 810 698 coniugi
842 636 920 680 suae
951 616 1068 678 malam
1096 615 1226 680 licentiam

238 721 376 782 dandum
399 718 472 799 quia
494 719 581 780 uadit
604 723 788 800 rumgumbe
811 739 881 780 oum
903 719 965 781 tale
986 719 1124 784 homine.

154 825 216 887 527
240 819 338 906 [131].
362 820 492 900 Siquis
522 821 756 883 comendauerit
784 842 833 885 res
865 841 939 885 suas
966 821 998 881 in
1031 820 1227 902 cuiuscumque

239 943 314 986 oasa
336 924 375 983 de
398 922 586 984 conlibertos
610 943 685 985 suos
708 924 806 985 libero
828 923 1006 998 hominem,
1029 931 1061 984 et
1082 924 1229 1004 contegent

239 1033 272 1087 ut
292 1025 376 1087 fures
398 1025 484 1105 ipsas
507 1024 670 1089 iurauerit.

154 1128 217 1192 528
239 1125 335 1213 [1321.
358 1127 389 1188 Si
412 1127 480 1206 quis
502 1125 715 1187 fraudolenter
737 1127 841 1189 tolerit
854 1127 964 1190 aneilla
981 1127 1083 1188 aliena
1097 1134 1128 1188 et
1142 1127 1229 1190 dixen't

240 1229 324 1308 quod
347 1247 417 1290 eam
440 1246 550 1290 seruus
581 1234 635 1289 aut
661 1227 760 1290 aldius
786 1229 884 1309 ipsius
915 1228 1027 1291 tolissit
1048 1229 1088 1289 ad
1110 1249 1228 1290 onorem.

155 1329 335 1417 529[1aa].
359 1330 390 1390 Si
417 1329 485 1409 quis
513 1329 591 1390 liber
618 1328 715 1391 homo
743 1330 774 1390 in
802 1351 876 1394 oasa
904 1331 1004 1393 aliena
1031 1329 1180 1391 introierit
1200 1330 1229 1390 ad
1275 1390 1279 1437 1

239 1432 448 1501 resedendum
471 1439 501 1492 et
524 1431 551 1491 ei
574 1432 703 1493 oinsum.
1158 1451 1161 1455 ·
1277 1440 1279 1447 '

156 1536 217 1598 530
240 1531 336 1619 [1341.
360 1532 391 1594 Si
413 1532 556 1596 homenis
579 1534 695 1595 inuno
719 1555 737 1593 u
763 1539 817 1615 [ico
839 1539 992 1615 habitantis]
1102 1572 1107 1578 ·

240 1635 344 1716 aliqua
366 1634 544 1714 inltontiomis
567 1646 638 1700 inter
660 1639 700 1715 se]

238 1735 437 1816 habueritlde
459 1760 556 1814 campo
578 1756 623 1800 out
644 1741 735 1817 uinea]

238 1845 329 1917 prato
353 1841 419 1917 a[ut
441 1841 530 1918 silua]

155 1943 213 2008 531
241 1937 336 2025 [1351.
359 1939 407 1999 Α(1
431 1943 598 2019 [nunciatum
621 1958 663 2007 est
684 1944 773 2021 nobis]

155 2044 240 2123 oua]
265 2039 349 2127 [nro]
354 2087 517 2107 ......

154 2146 217 2210 533
241 2141 336 2229 [1371.
359 2142 436 2204 Item
463 2143 616 2223 perlatum
645 2150 693 2205 est
719 2142 809 2205 nobis
837 2144 975 2224 quodam
1001 2141 1099 2204 homo
1128 2147 1241 2222 preste-

120 2258 123 2264 ’
240 2245 328 2308 dissit
348 2245 519 2307 iumentum
541 2266 633 2308 suum
655 2245 744 2307 alleri
765 2245 893 2306 homeni
916 2245 955 2306 ad
977 2244 1141 2306 uicturam.

157 2350 219 2415 531
241 2345 326 2433 [138]
349 2347 417 2409 Iloe
439 2357 542 2410 autem
564 2347 748 2410 minoritas
771 2348 914 2427 peruenit
935 2346 974 2408 ad
996 2365 1054 2407 nos
1073 2344 1157 2425 quod
1179 2342 1243 2424 qui-

241 2450 315 2510 dam
337 2448 495 2511 diabolum
522 2450 720 2530 instigantem
743 2449 864 2513 dixissit
892 2449 932 2510 ad
961 2466 1090 2510 seruum
1118 2445 1246 2508 alienum

240 2550 312 2611 ueni
335 2557 366 2610 et
386 2552 493 2612 occide
515 2553 674 2613 dominum
696 2560 793 2617 tuum.

35 2647 50 2654 -
159 2667 229 2718 535.
250 2659 282 2713 lm
304 2651 431 2730 momllne
453 2653 502 2713 (1ᾗὶ
525 2653 675 2715 moditiam

243 2757 401 2833 [qualiter]
436 2754 513 2815 iubit
541 2755 674 2816 domnus

243 2859 308 2935 [rex
320 2865 353 2917 ad
364 2858 462 2934 omnis]
479 2863 601 2918 actores
618 2877 676 2918 su-

243 2961 290 3037 [os
302 2967 349 3038 qni
361 2965 445 3020 curtis
461 2960 533 3037 eiuls
557 2956 678 3021 comis-

243 3063 300 3139 [sas
323 3062 448 3139 habelnl.

158 3166 240 3244 [536.
274 3167 304 3223 Si
343 3187 439 3226 seruus
475 3164 582 3241 mostell·
616 3180 676 3222 oc-

241 3267 324 3345 [cisus
346 3265 449 3342 luerit]

414 3382 474 3451 [DE
494 3381 596 3440 ΑΝΝΟ
616 3382 786 3442 11111181Μο
807 3381 999 3450 SECVNDO.]
1061 3394 1066 3400 '

158 3479 229 3555 [537
254 3472 351 3560 [138]-
375 3480 405 3536 Si
427 3483 515 3537 aldius
542 3479 761 3555 cuiuscum]que

241 3777 388 3840 habuerit
409 3796 519 3840 seruus
541 3778 592 3839 uel
614 3779 757 3842 aneillam
781 3779 880 3841 aldius
897 3786 951 3839 aut
966 3777 1048 3840 uldia
1064 3776 1255 3841 ooniucatus.

157 3880 222 3946 539
245 3877 340 3966 [llll
361 3879 504 3942 Relatum
533 3888 582 3944 est
608 3881 698 3944 mobis
727 3881 812 3961 quod
839 3879 948 3960 aliquis
976 3879 1112 3942 hominis
1141 3879 1256 3960 perfidi

243 3988 274 4042 et
295 3981 326 4040 in
345 3981 494 4042 malitiam
514 3983 608 4044 astuti
631 3985 704 4044 dum
726 4002 761 4046 se
782 4003 846 4044 nom
866 3991 1140 4063 presumpsessemt
1159 4001 1255 4044 mano

242 4082 335 4149 fortia
369 4091 423 4144 aut
457 4083 596 4149 uiolento
626 4086 769 4148 ordinem
797 4087 913 4147 intrare
943 4084 976 4146 im
1008 4085 1111 4146 uicum
1142 4094 1196 4146 aut
1224 4084 1257 4144 im

241 4202 349 4247 oasam
371 4185 515 4253 alienam.
