2574 4710
200 108 437 172 LIV’H’RANDI
457 110 581 172 LEGES
602 110 698 172 ANNI
719 111 773 173 lX.
795 110 876 173 CAP.
899 112 1048 202 26-28.ἱ
1118 114 1159 178 97

68 295 110 357 ad
130 293 265 356 iudicem
287 314 386 362 suum.
417 295 457 356 Et
478 295 504 357 si
523 295 617 356 iudex
638 295 703 357 eius
719 314 846 357 causam
859 295 962 375 ipsam
976 294 1158 370 dilatauerit,

68 405 100 459 et
120 396 202 459 intra
225 415 281 460 sex
302 397 368 460 dies
389 397 469 459 inter
496 417 551 460 eos
572 417 629 478 per
649 397 748 478 legem
770 417 833 459 non
854 397 1050 471 indicauerit,
1078 417 1159 459 ccu-

68 500 167 579 pc'uat
186 497 231 560 illi
258 498 310 579 qui
330 499 526 574 reclamauit,
555 498 673 562 solidus
699 518 830 561 numero
858 498 1029 560 duodicem.
1071 500 1111 560 Et
1131 500 1158 562 si

68 619 126 661 nec
145 600 240 661 iudex
265 600 333 680 ipse
360 602 535 663 deliberare
564 622 627 663 non
647 600 799 682 potuerit,
827 600 947 682 diregat
971 601 1052 663 intra
1074 601 1157 662 duc-

67 702 169 763 dicem
192 701 258 765 dies
286 705 395 765 ambas
422 712 527 783 partes
556 703 588 764 in
616 703 773 784 presentia
800 703 896 784 regis3
924 722 998 764 nam
1020 702 1046 764 si
1068 703 1157 767 aliter

66 803 175 865 fecerit
200 803 269 884 ipse
294 803 402 882 iudex,
432 814 463 869 et
492 807 572 867 intra
599 804 762 865 duodicem
790 804 869 876 dies,
899 810 932 865 ut
958 804 1071 867 dictum
1098 814 1155 879 est,

65 905 216 968 iustitiam
237 926 301 968 non
321 906 475 968 inuenerit
497 909 549 989 qui
570 906 789 988 proclamauit,
818 914 890 968 tunc
911 914 1067 987 conponat
1088 907 1155 988 ipse

63 1007 159 1069 index
180 1007 299 1070 solidos
322 1029 452 1072 numero
475 1010 651 1084 duodicem,
680 1016 712 1070 et
731 1008 796 1089 regi
818 1009 856 1070 sit
881 1007 1047 1088 culpauelis
1075 1009 1155 1071 scli-

63 1111 123 1172 dcs
144 1112 196 1175 20.

149 1213 200 1276 26.
224 1211 302 1274 vlll.
347 1213 377 1273 Si
404 1213 547 1275 homenis
577 1213 616 1272 de
648 1214 704 1274 snb
733 1232 794 1273 uno
820 1211 936 1285 iudice,
966 1212 1004 1273 de
1033 1213 1153 1276 duobus

67 1319 169 1375 tamen
192 1313 359 1389 sculdahis,
382 1333 508 1377 causam
529 1314 703 1387 habuerint,
725 1313 776 1374 ille
791 1314 844 1394 qui
857 1314 961 1393 pulsat
975 1314 1070 1375 uadat
1084 1333 1153 1375 cum

69 1413 162 1478 missa
186 1422 240 1476 aut
261 1416 392 1495 epistula
415 1417 454 1477 de
476 1436 534 1478 sun
557 1416 712 1479 sculdahis
736 1416 775 1477 ad
800 1415 887 1476 illum
909 1416 1011 1490 aliurn,
1035 1416 1152 1478 desub

65 1534 160 1597 quem
184 1515 255 1596 ipse
275 1525 335 1592 est,
363 1537 432 1578 cum
455 1538 518 1600 qun
546 1538 639 1581 causa
661 1518 757 1584 habit.
799 1519 838 1579 Et
859 1517 885 1581 si
904 1517 986 1579 intra
1009 1525 1154 1598 quattuor

63 1617 131 1681 dies
155 1618 289 1680 menime
316 1619 463 1683 iustitiam
483 1618 604 1694 iecerit,
631 1628 789 1700 conponat
816 1620 884 1699 ipse
906 1619 1078 1693 sculdahis,
1101 1620 1154 1701 qui

60 1719 249 1802 distringere
269 1721 417 1802 neglexit,
445 1721 473 1782 ei
496 1723 548 1803 qui
569 1721 748 1785 reclamauit
770 1721 887 1783 solidos
910 1741 983 1794 sex,
1012 1730 1042 1784 et
1060 1723 1154 1783 iudici
1197 1746 1201 1751 ·

60 1841 123 1884 suo
152 1821 269 1886 solidus
297 1842 428 1885 numero
456 1842 521 1885 sex.
585 1825 623 1886 Et
650 1824 676 1886 si
702 1815 772 1885 talis
799 1841 892 1884 causa
918 1824 1023 1896 luerit,
1049 1830 1151 1903 'quam

59 1924 239 1986 deliberare
260 1945 325 1988 non
346 1925 459 2005 possit,
482 1925 592 2006 dirigat
613 1944 667 1988 eos
689 1925 770 1987 iutra
794 1944 849 1987 sex
870 1923 936 1987 dies
959 1926 999 1986 ad
1020 1925 1152 1987 iudicem

62 2045 156 2088 suum
183 2028 356 2089 secundnm
386 2027 573 2091 anteriorem
600 2026 745 2107 capitula.
799 2026 877 2087 Nam
906 2026 932 2088 si
960 2028 1091 2107 qualiter
1119 2028 1152 2088 in

68 2126 227 2205 superiore
250 2129 383 2210 capitula
406 2130 603 2192 constitutum
626 2135 681 2203 est,
704 2128 771 2190 sibe
792 2126 948 2190 sculdahis
971 2128 1037 2190 sibe
1058 2129 1153 2190 iudex

64 2246 131 2289 nnn
150 2227 181 2290 in
201 2230 344 2293 amnibus
372 2232 605 2312 conpleuerent,
635 2237 792 2310 conponat
813 2229 947 2309 qualiter,
974 2249 1068 2310 supra
1091 2230 1153 2293 ad-

61 2327 163 2391 fixum
184 2339 248 2405 est,
269 2331 312 2394 illi
334 2333 387 2414 qui
408 2352 535 2398 causam
557 2352 647 2396 suam
668 2332 861 2405 reclamauit,
885 2331 1003 2395 solidos
1026 2352 1098 2410 sex,
1122 2338 1153 2393 et

59 2431 156 2493 iudici
177 2453 236 2495 suo
259 2434 377 2497 solidos
399 2454 530 2497 numero
553 2454 622 2507 sex,
646 2440 677 2496 et
697 2434 790 2495 iudex
812 2440 968 2514 conponat
988 2434 1044 2507 illi,
1068 2435 1151 2498 cuius

61 2552 160 2596 causa
187 2542 248 2608 est,
281 2535 400 2598 solidus
429 2556 559 2599 numero
588 2536 763 2609 duodecim,
794 2542 825 2596 et
850 2536 915 2616 regi
945 2536 1062 2599 solidos
1090 2557 1153 2598 nu-

53 2643 152 2698 'mero
174 2638 225 2702 20.

146 2741 198 2804 27.
221 2736 313 2800 Vllll.
358 2738 388 2800 Si
410 2740 478 2820 quis
499 2739 530 2800 in
553 2739 646 2800 aliam
668 2738 822 2801 ciuitatem
851 2759 978 2801 causam
999 2739 1153 2814 hahuerit,

61 2840 160 2902 undat
189 2859 259 2900 cum
285 2840 419 2920 epistola
448 2841 488 2901 de
513 2841 613 2902 iudice
640 2860 697 2902 sno
725 2842 765 2902 ad
793 2841 925 2903 iudicem
951 2841 1003 2921 qui
1028 2841 1061 2901 in
1081 2842 1152 2904 locn

62 2949 119 3023 cst.
168 2941 208 3003 Et
234 2941 262 3004 si
286 2941 355 3022 ipse
383 2941 477 3004 iudex
504 2941 531 3004 ei
558 2941 674 3005 iustitia
702 2943 783 3005 intra
817 2951 888 3005 octo
920 2942 984 3004 dies
1019 2943 1153 3003 menime

62 3043 168 3105 iacere
196 3043 402 3119 distrinxerit,
432 3052 485 3107 aut
512 3065 576 3107 non
605 3044 811 3126 conpleuerit‚
842 3052 1000 3124 conponat
1027 3043 1071 3104 illi
1101 3044 1154 3124 qui

62 3163 191 3208 causam
213 3164 304 3208 suam
325 3146 514 3220 reclamauit,
536 3147 653 3209 solidos
675 3149 716 3214 20
738 3155 769 3209 et
789 3146 855 3227 regi
876 3145 954 3208 alius
976 3147 1028 3214 20.
1067 3143 1106 3205 Et
1127 3143 1155 3205 si

62 3244 131 3310 talis
159 3265 257 3310 causa
282 3248 387 3324 fuerit,
424 3269 519 3329 quam
546 3248 719 3311 deliberare
753 3247 887 3310 menime
918 3247 1032 3327 pessit,
1056 3253 1154 3327 pcnat

10 3360 12 3397 ῑ
63 3350 241 3426 constituto,
264 3358 296 3413 et
310 3349 472 3432 distringat
493 3350 652 3412 huminem
674 3351 758 3412 iflnm
773 3351 813 3410 de
827 3351 884 3413 sub
907 3367 964 3410 sua
983 3347 1152 3423 iudiciaria,

10 3446 12 3481 ⁵
63 3449 144 3515 intra
173 3452 340 3513 duodecim
364 3452 472 3515 dies
462 3473 494 3513 rn
520 3452 710 3534 presentiam
740 3451 821 3533 regis
850 3422 965 3516 uenire
1017 3450 1096 3512 Nam
1126 3451 1153 3513 si

10 3510 15 3633 i
63 3552 153 3616 aliter
173 3553 281 3617 lecerit
307 3561 339 3617 et
364 3553 546 3636 distringere
568 3555 750 3637 neglexerit,
779 3561 936 3634 conponat
958 3553 1036 3615 sicut
1057 3571 1152 3633 supra

10 3654 179 3718 di·ctum
200 3664 249 3720 est
270 3656 388 3719 solidos
403 3659 454 3731 40,
476 3655 674 3721 medietatem
694 3657 760 3738 regi
782 3664 813 3720 et
834 3654 1033 3717 medietatem
1056 3653 1085 3715 ei
1100 3653 1154 3734 qui

10 3788 13 3809 ·
62 3774 192 3823 ausam
212 3778 303 3821 suam
323 3759 515 3825 reclamauit.

144 3861 197 3926 28.
219 3860 260 3927 X.
303 3860 336 3922 Si
358 3862 426 3942 quis
449 3881 578 3925 causam
598 3861 751 3935 hahuerit,
775 3868 806 3923 et
821 3857 977 3922 sculdahis
993 3865 1046 3921 ant
1060 3857 1153 3922 iudex

61 3959 283 4026 eisecundnm
306 3963 398 4027 edicti
423 3964 524 4026 tinore
551 3973 582 4027 et
609 3964 786 4045 perlegam
808 3962 1003 4036 indicauerit,
1033 3969 1065 4024 et
1085 3960 1152 4042 ipse
