2574 4710
411 384 577 448 EDlCTVS
598 381 784 447 Rolnam.

67 579 121 642 72.
144 576 191 636 De
214 581 325 654 quarto
348 572 454 654 digito.

67 677 192 744 73.1)e
215 675 322 756 quinto
345 673 453 755 digito.

67 781 122 844 74.
144 778 191 838 De
213 775 357 838 omnibus
379 774 478 856 plagis
501 781 555 835 aut
574 773 692 835 feritas.

55 881 121 966 [75.
145 880 177 941 Si
197 879 301 940 inians
322 878 355 938 in
376 885 465 940 utero
488 874 595 936 matris
618 873 738 935 occisus
760 869 893 954 fuerit.]ยน

68 987 122 1047 75.
144 981 192 1041 De
214 979 297 1041 aldio
320 988 351 1042 31
372 998 464 1041 sorno
487 975 697 1039 ministeriale.

68 1081 310 1148 invalentis
332 1080 405 1142 aldii
427 1088 458 1142 31
479 1079 562 1141 serui
585 1075 811 1140 ministeriales.

69 1189 122 1250 77.
144 1185 192 1244 Do
213 1182 305 1263 plaga
327 1183 358 1243 in
381 1183 491 1262 capite.

68 1288 121 1352 78.
143 1286 190 1346 Ile
211 1285 303 1365 placa
322 1285 354 1345 in
377 1284 477 1364 capito
499 1291 532 1344 ut
553 1301 628 1344 ossa
651 1298 804 1359 rumpam.

69 1393 122 1456 79.
144 1389 191 1448 De
212 1386 305 1467 plaga
327 1386 358 1446 in
380 1385 468 1450 facio.

70 1491 121 1556 80.
143 1489 190 1550 De
212 1488 304 1550 oculo
327 1488 446 1552 euulso.

73 1593 124 1657 81.
144 1591 190 1652 03
211 1609 290 1652 naso
313 1592 454 1652 aboseso.

70 1694 123 1758 82.
145 1693 191 1752 De
214 1711 290 1753 anre
312 1690 447 1755 absciso.

70 1797 122 1861 83.
145 1795 192 1854 De
212 1793 303 1855 labro
326 1792 461 1858 absciso.

69 1899 121 1962 84.
144 1897 191 1957 03
214 1896 305 1957 dente
327 1911 470 1956 excusso.

69 2001 120 2063 85.
142 1998 191 2058 Ilo
213 1997 305 2057 dente
326 1993 496 2056 maxillare.

69 2102 120 2165 86.
142 2100 189 2159 03
212 2097 341 2159 brachio
363 2103 465 2175 rupto.

70 2202 120 2265 87.
143 2201 190 2261 03
212 2219 306 2260 manu
329 2196 461 2261 abscisa.

73 2304 122 2367 88.
143 2302 191 2362 Ile
214 2300 325 2382 digitas
348 2316 506 2360 manuum.

73 2406 122 2470 89.
143 2405 191 2464 De
213 2402 351 2465 secundo
375 2399 481 2480 digito.

72 2509 121 2571 90.
144 2506 191 2565 De
212 2504 309 2565 tercio
333 2503 438 2583 digito.

71 2609 120 2672 91.
143 2606 190 2665 De
213 2613 325 2686 quarto
348 2602 455 2684 digito.

71 2711 120 2773 92.
143 2708 190 2767 De
213 2706 319 2786 quinto
343 2704 449 2785 digito.
538 2741 540 2744 -

71 2811 121 2875 93.
143 2810 191 2869 03
213 2827 292 2870 coxa
313 2813 415 2887 rupta.

71 2913 120 2976 94.
142 2911 190 2971 De
210 2910 292 2990 pede
315 2906 449 2970 absciso.

70 3017 120 3078 95.
142 3012 190 3071 De
212 3010 307 3091 digito
330 3009 429 3090 pedis.

70 3116 121 3180 96.
142 3113 189 3173 De
211 3113 348 3174 secundo
371 3110 477 3190 digito.

70 3218 120 3280 97.
143 3215 190 3275 De
211 3214 307 3275 tercio
330 3212 435 3292 digito.

70 3319 122 3383 08.
143 3316 191 3376 Ilo
215 3322 327 3395 quarto
351 3312 457 3392 digito.

69 3421 121 3484 99.
144 3418 191 3477 De
214 3416 321 3496 quinto
345 3413 452 3495 digito.

51 3521 121 3585 100.
142 3519 191 3578 De
212 3517 306 3597 plaga
326 3516 408 3577 infra
430 3533 536 3593 capso.

49 3624 119 3688 101.
142 3621 190 3680 De
211 3618 341 3681 brachio
364 3624 417 3679 aut
438 3633 530 3677 cossa
552 3612 749 3675 transforata.

50 3726 120 3790 102.
143 3722 190 3781 De
213 3720 312 3783 seruis
334 3717 507 3782 rusticanis.

50 3826 120 3891 103.
143 3823 191 3883 De
212 3821 305 3902 plaga
326 3820 358 3881 in
380 3819 470 3885 facie.

50 3927 120 3993 104.
144 3925 191 3984 De
214 3923 305 3985 oculo
329 3921 446 3984 euulso.

49 4157 70 4226 ยน)
90 4155 149 4210 1133
168 4158 255 4223 copul,
274 4156 302 4205 13
316 4151 440 4205 Vaticano
453 4149 541 4202 indice
554 4150 686 4213 oratorum,
706 4149 734 4197 13
753 4143 920 4212 Eporediano
940 4145 1065 4208 notatum,
1083 4140 1150 4194 133-

50 4248 160 4302 cellensi
179 4247 266 4310 eliam,
281 4245 454 4309 33311313933
469 4244 547 4307 esset,
566 4253 618 4292 333
629 4234 753 4304 defuisse,
772 4249 895 4288 33313333
912 4230 962 4284 183
977 4233 1149 4287 demonstrat.
