2574 4710
317 109 536 172 GRlMVALDl
558 108 694 171 LEGES.
716 107 798 172 CAP.
821 110 914 175 3-7.
1122 112 1162 172 75

64 304 96 358 et
124 306 299 375 conponat,
329 302 362 354 ut
392 294 506 356 dietum
529 301 591 372 est,
623 293 742 355 solidos
770 294 932 374 sexaginta
965 300 996 355 et
1026 311 1160 372 persona

61 397 208 460 tradatur
229 398 269 459 ad
292 396 497 461 moriendum.

148 500 179 562 4.
222 498 268 558 De
296 499 430 578 trigenta
460 516 612 560 annorum
642 497 875 576 possessionem
901 496 1087 576 pretiorum.
1130 497 1162 558 Si

60 598 133 680 quis
156 618 214 678 per
235 600 369 680 treginta
393 619 492 661 anuos
514 599 693 680 possederit
714 617 812 674 casas,
834 598 967 660 familias
986 598 1035 658 uel
1049 607 1161 670 terras,

61 709 93 762 et
123 701 282 782 cognitum
309 701 417 772 fuerit,
446 701 519 780 quia
546 703 611 764 eius
640 701 799 781 possessio
828 700 900 773 fuit,
929 708 1002 778 post
1027 699 1161 779 trigenta

61 821 220 864 annorum
263 803 415 863 curricula
451 823 556 884 pugna
588 822 652 863 nou
691 802 871 884 proueniat3
919 802 977 863 nisi
1009 801 1076 881 ipse
1109 802 1162 881 qui

61 904 222 986 possedit,
256 905 427 966 secundum
463 905 644 984 qualitatem
675 904 825 984 pecuniae
855 905 956 990 [Ilotlt.
985 925 1055 984 cup.
1086 903 1159 987 359]

61 1027 132 1069 cum
156 1015 388 1071 sacramentum
410 1027 501 1068 suum
524 1027 558 1070 se
581 1008 741 1068 defendat:
771 1026 845 1069 nam
867 1024 924 1086 per
950 1024 1104 1086 pugnam,
1128 1013 1161 1065 ut

60 1109 178 1171 dietum
201 1118 264 1178 cst,
286 1128 350 1170 non
372 1109 527 1188 fatigetur.

146 1215 177 1277 5.
220 1211 267 1271 Dc
294 1208 493 1273 successione
521 1220 684 1290 nepotum,
719 1211 771 1290 qui
799 1217 873 1289 post
900 1217 1035 1271 mortem
1061 1209 1159 1288 patris

62 1311 96 1373 iu
120 1313 189 1375 sinu
223 1313 273 1374 aui
308 1312 501 1378 remanserit.
557 1312 587 1372 Si
616 1312 683 1391 quis
714 1312 858 1373 hahuerit
890 1311 972 1374 filios
1004 1297 1158 1392 legitimos

65 1434 157 1475 unum
181 1422 235 1476 aut
256 1415 381 1494 plures,
412 1422 443 1474 et
465 1413 627 1493 contigerit
651 1433 745 1472 unum
769 1433 808 1474 ex
829 1412 900 1476 filiis
923 1415 1047 1475 uiuente
1069 1421 1160 1493 patre

59 1515 152 1589 mori,
175 1524 206 1577 et
227 1515 388 1595 reliquerit
409 1514 491 1577 filios
514 1515 668 1596 legitimos
686 1535 780 1575 unum
797 1525 850 1578 aut
871 1515 986 1595 plures,
1011 1523 1041 1576 et
1057 1515 1159 1576 conti-

58 1618 140 1699 gerit
167 1636 228 1679 auo
258 1618 351 1680 mori:
387 1616 480 1678 talem
509 1625 632 1696 partem
661 1616 811 1695 pereipiat
840 1617 880 1676 de
908 1617 1080 1679 substantia
1109 1617 1159 1678 aui

55 1719 117 1796 sui,
143 1739 203 1780 una
226 1738 296 1779 eum
318 1720 437 1799 patruis
460 1718 533 1793 suis,
557 1717 683 1798 qualem
704 1727 794 1797 pater
817 1737 926 1779 corum
947 1719 1028 1779 inter
1049 1718 1159 1779 fratri-

58 1824 117 1884 bus
145 1821 209 1884 suis
240 1830 442 1901 percepturus
473 1830 540 1881 erat
568 1820 594 1880 si
625 1819 712 1880 uiuus
739 1818 858 1884 fuisset.
908 1819 1053 1880 Similiter
1080 1830 1110 1882 et
1132 1821 1157 1882 si

58 1920 141 1985 filias
168 1923 322 2003 legitimas
355 1942 448 1984 unam
479 1929 533 1982 aut
562 1921 683 1999 plures,
714 1928 767 1982 aut
794 1919 848 1979 lilii
876 1921 1034 1983 naturales
1062 1942 1158 1982 unum

61 2033 113 2086 aut
134 2024 241 2104 plures
264 2025 386 2102 luerint,
410 2025 547 2086 habeant
562 2022 662 2101 legem
678 2041 777 2094 suam,
802 2021 880 2082 sicut
900 2022 931 2081 in
945 2021 1007 2082 hoc
1023 2023 1156 2084 edictum

58 2124 172 2206 legitur
195 2125 295 2211 [Botlr.
311 2148 381 2206 cop.
400 2127 473 2191 158.
487 2176 494 2190 .
510 2123 607 2208 adol.
652 2123 732 2195 Quia
753 2122 958 2184 inhumanum
981 2132 1011 2186 et
1027 2125 1157 2203 impium

58 2228 150 2290 nobis
167 2227 299 2301 uidetur,
323 2238 355 2291 ut
377 2249 435 2309 pro
451 2227 504 2288 tali
520 2245 616 2294 causa
637 2225 887 2286 exhereditentur
901 2224 956 2286 filii
973 2228 1011 2287 ab
1027 2227 1158 2287 heredi-

58 2336 156 2390 tatem
178 2331 274 2410 patris
298 2329 345 2392 sui
369 2349 426 2410 pro
450 2348 497 2401 eo,
522 2328 606 2407 quod
621 2334 711 2406 pater
726 2346 834 2388 eorum
854 2328 886 2387 in
909 2329 978 2389 sinu
993 2329 1043 2390 aui
1067 2349 1157 2390 mor-

57 2439 131 2494 tuos
154 2443 219 2507 est;
241 2433 297 2494 sed
320 2451 358 2491 ex
380 2431 538 2502 omnibus,
560 2437 729 2507 utsupra,
760 2429 925 2509 aequalem
947 2449 1015 2490 oum
1039 2432 1156 2510 patruis

59 2533 122 2594 suis
144 2533 176 2592 in
199 2533 303 2594 locum
324 2533 421 2614 patris
446 2541 517 2614 post
541 2541 674 2593 mortem
698 2533 747 2593 aui
778 2532 949 2612 percipiant
973 2533 1156 2613 portionem.

60 2634 207 2696 Similiter
236 2643 266 2697 et
294 2637 320 2697 si
347 2633 473 2714 legitimi
499 2653 563 2693 non
596 2633 725 2706 fuerint,
760 2644 790 2695 et
821 2635 978 2695 naturales
1012 2635 1154 2697 inuentus

57 2736 151 2799 luerit
175 2755 270 2798 unum
293 2743 346 2798 aut
367 2735 487 2816 plures,
516 2735 633 2796 habeat
654 2735 755 2816 legem
778 2755 882 2819 suam,
909 2736 941 2795 id
964 2744 1011 2798 est
1033 2737 1156 2799 tertiam

59 2846 182 2918 partem
205 2858 244 2899 ex
266 2839 420 2902 omnibus.

150 2941 182 3007 6.
232 2940 279 3000 Ile
307 2939 455 3000 uxoribus
487 2937 685 3002 dimittendis.
752 2938 782 2998 Si
811 2938 878 3018 quis
907 2958 1039 2999 uxorem
1065 2960 1155 3001 suam

62 3043 180 3122 absque
197 3041 322 3124 culpam
336 3041 504 3122 legitimam
519 3039 727 3120 posposuerit,
751 3047 781 3099 et
805 3040 863 3101 alia
880 3040 911 3099 in
928 3041 1023 3101 domo
1040 3061 1156 3120 super-

60 3140 228 3215 induxerit,
259 3150 416 3223 conponat
438 3141 555 3204 solidos
580 3142 781 3222 quingentos,
811 3141 1008 3202 medietatem
1037 3143 1102 3223 regi
1125 3152 1155 3205 et

61 3246 259 3307 medietatem
282 3244 461 3328 parentibus
485 3243 638 3318 mulieris;
668 3242 795 3304 mundio
825 3262 901 3304 uero
931 3244 995 3305 eius
1019 3244 1154 3308 mulieris

61 3365 154 3426 quam
177 3348 370 3429 postposuit,
405 3345 540 3419 amittat;
571 3345 649 3407 etsi
671 3344 804 3406 noluerit
826 3345 865 3405 ad
895 3347 1040 3408 maritum
1063 3368 1154 3409 suum

61 3452 194 3521 reuerti,
229 3456 404 3510 reuertatur
438 3448 476 3509 ad
506 3457 652 3528 parentes
685 3468 759 3509 suos
794 3466 863 3506 cum
901 3450 993 3511 rebus
1027 3450 1090 3512 suis
1124 3459 1155 3512 et

26 3582 29 3589 ·
62 3551 230 3612 mundium.

149 3657 179 3717 7.
229 3653 275 3712 De
305 3653 420 3712 crimen
451 3652 566 3717 uxoris.
623 3651 653 3712 Si
681 3651 749 3731 quis
783 3672 913 3713 uxorem
940 3674 1028 3715 suam
1058 3654 1155 3715 incri-

63 3753 224 3816 minauerit
247 3763 317 3817 asto
340 3755 406 3816 sine
429 3774 525 3816 causa
546 3753 692 3834 legitima,
717 3755 806 3834 quasi
829 3756 1027 3818 adulterassit
1049 3757 1153 3818 autin

63 3855 199 3917 animam
226 3856 329 3917 mariti
354 3856 402 3918 sui
429 3855 602 3927 tractassit,
634 3855 725 3916 liccat
752 3856 794 3916 illi
823 3857 942 3918 mulieri
964 3878 1021 3938 per
1042 3878 1155 3922 sacra-

52 3950 199 4018 mentum
222 3965 388 4037 parentum
410 3967 464 4019 aut
488 3977 543 4040 per
565 3976 701 4040 pugnam
723 3977 758 4019 se
781 3959 941 4020 mundare.
970 3960 1009 4022 Et
1024 3960 1050 4023 si
1067 3961 1155 4043 puri-
