2574 4710
103 353 145 416 90
251 348 488 411 L1VTPRAND1
509 347 634 410 LEGES
656 347 750 409 ANNI
773 349 808 414 V.
832 349 915 416 CAP.
941 352 989 416 13.
1014 353 1060 417 14.

104 553 180 596 casa
202 541 232 594 et
252 533 283 593 in
312 534 475 613 pecuniam
504 552 608 607 suam,
639 540 670 594 et
697 535 735 596 sit
757 534 861 614 quieta
889 553 990 614 usque
1014 537 1065 597 ad,
1084 556 1181 618 supra·
1228 508 1231 545 Ξ

105 636 251 716 scriptum
281 644 420 714 tempus3
451 643 563 714 postea
591 643 694 696 autem
723 636 825 717 elegat
845 636 921 720 'ipsa
947 637 1021 709 sibi,
1049 646 1080 701 et
1103 642 1183 702 nubat

105 738 153 799 cui
180 737 322 798 uoluerit.
376 737 406 798 Si
439 747 544 799 autem
574 738 744 798 mundoald
778 738 842 801 eius
870 738 1068 802 consentiens
1098 741 1183 815 tuerit,

104 847 157 900 aut
178 839 348 901 tradederit
370 859 439 900 eam
463 847 533 900 ante
554 839 783 920 suprascriptos
799 838 964 902 duodicem
987 859 1097 913 annos,
1119 860 1184 903 con-

103 948 202 1020 ponat
224 941 254 1000 in
277 960 370 1020 sagro
402 939 516 1020 palatio
539 941 658 1002 solidos
681 948 853 1015 trecentos,
889 949 920 1003 et
946 942 1106 1003 mundium
1132 943 1184 1006 eius

104 1043 234 1115 amittat,
258 1050 288 1103 et
310 1042 350 1104 sit
371 1042 441 1121 ipsa
463 1061 532 1101 cum
554 1044 647 1104 rebus
671 1043 734 1104 suis
755 1043 787 1103 in
810 1042 937 1126 mundio
959 1042 1081 1122 palatii·
1109 1044 1186 1106 Pater

103 1153 207 1206 autern
230 1153 284 1205 aut
304 1145 400 1205 frater
423 1151 610 1224 potestatem
632 1144 782 1217 habeant,
811 1145 859 1206 cui
881 1145 987 1206 autin
1010 1145 1096 1224 quali
1117 1153 1187 1207 etate

103 1247 245 1317 uoluerit,
267 1247 406 1307 dandum
428 1252 481 1309 aut
503 1246 717 1324 spunsandum
737 1245 835 1308 filiam
858 1253 912 1308 aut
933 1265 1079 1308 sororem
1094 1266 1188 1322 soam;

104 1349 251 1428 quoniam
273 1348 333 1410 ista
354 1347 478 1408 licentia
499 1348 571 1408 ideo
588 1348 739 1420 dedimus,
763 1367 801 1409 eo
825 1349 909 1428 quod
932 1348 1100 1419 credimus,
1117 1350 1190 1428 quod

102 1458 193 1529 pater
220 1448 319 1513 filiam
347 1457 400 1510 aut
430 1449 528 1510 trater
560 1469 704 1511 sororem
738 1469 829 1511 suam
862 1449 974 1511 doloso
1008 1449 1114 1510 animo
1147 1458 1191 1511 aut

102 1559 210 1612 contra
232 1550 385 1612 rationem
408 1549 551 1629 cuiquam
574 1551 694 1612 homini
716 1552 793 1612 dare
814 1571 879 1612 non
902 1551 1047 1615 debeant.

188 1655 236 1718 13.
260 1652 324 1717 VII.
367 1653 414 1712 De
441 1651 596 1713 occisione
622 1651 757 1714 hominis
787 1652 886 1713 liberi.
935 1652 967 1714 si
990 1652 1059 1732 quis
1082 1651 1192 1732 lango-

101 1755 217 1816 bardus
248 1756 287 1815 ab
319 1754 380 1815 aiio
408 1753 583 1825 hominem,
624 1755 707 1833 quod
738 1755 814 1816 deus
845 1761 981 1826 auertat,
1014 1756 1191 1816 interemtus

100 1857 200 1929 suerit,
223 1863 254 1917 et
276 1875 371 1918 causa
398 1856 569 1917 secundum
599 1856 700 1936 legem
730 1856 769 1916 ad
797 1854 1047 1934 conpositionem
1068 1857 1191 1928 uenerit,

100 1964 132 2018 et
152 1957 220 2037 ipse
243 1958 295 2036 qui
316 1957 436 2020 occisus
458 1957 564 2029 fuerit,
586 1956 683 2017 filium
708 1957 912 2018 masculinum
934 1977 998 2018 non
1020 1947 1190 2037 reliquerit:

100 2077 291 2139 quamquam
317 2059 398 2120 filias
424 2059 654 2121 instituissimus
687 2059 826 2132 heredis,
859 2059 936 2120 sicut
964 2058 1138 2131 masculus,
1166 2063 1193 2121 in

100 2160 186 2223 omni
208 2161 380 2223 substantia
403 2161 499 2240 patris
522 2169 553 2222 et
574 2161 691 2237 matris,
713 2161 815 2240 ipsam
830 2159 1080 2240 conpositionem
1103 2160 1194 2221 uolu-

99 2283 167 2324 mus
201 2271 234 2324 ut
263 2263 414 2343 accipiant
448 2262 616 2345 propinqui
647 2262 789 2343 parentis.
816 2262 955 2324 ciusdem
988 2260 1040 2341 qui
1073 2263 1193 2324 occisus

97 2364 207 2434 fuerit,
230 2363 273 2424 illi
296 2365 346 2444 qui
369 2383 425 2443 per
447 2372 582 2444 capput¹
613 2363 781 2424 succedere
802 2371 985 2443 potuerunt;
1017 2362 1091 2442 quia
1113 2363 1194 2424 filiae

99 2466 183 2537 eiuS,
212 2484 249 2526 eo
281 2466 365 2546 quod
387 2465 521 2526 femineo
551 2484 627 2527 sexu
656 2484 726 2526 csse
756 2473 943 2545 prouantur,
971 2484 1035 2526 non
1062 2474 1196 2545 possunt

96 2567 214 2628 faidam
230 2557 337 2647 ipsam
360 2566 477 2630 leuare.
527 2565 603 2627 ideo
626 2567 860 2646 prospeximus,
892 2576 925 2628 ut
945 2567 1047 2647 ipsam
1070 2586 1194 2646 conpo-

97 2668 241 2736 sitionem
263 2688 326 2729 non
354 2667 515 2746 recipiant,
549 2667 607 2729 nisi
630 2668 817 2730 ut.diximus
853 2667 1004 2749 suprafati
1027 2668 1195 2752 propinqui

98 2769 252 2851 parentis3
280 2770 357 2831 etsi
379 2769 548 2849 propinqui
574 2769 713 2848 parentis
735 2789 797 2829 non
820 2770 948 2841 suerint,
978 2778 1049 2832 tunc
1071 2771 1195 2832 medie-

97 2872 200 2937 tatem
221 2873 260 2932 de
289 2871 359 2951 ipsa
389 2870 606 2950 conpositione
636 2871 804 2950 suscipiant
830 2872 913 2933 filiae
939 2872 1051 2952 ipsius,
1070 2872 1106 2936 si
1133 2884 1195 2934 una

96 2982 150 3035 aut
170 2973 275 3053 plures
297 2972 420 3044 tuerint,
443 2980 474 3032 et
495 2972 694 3034 medietatem
716 2975 808 3035 curtis
831 2973 925 3054 regia.

183 3077 230 3140 14.
253 3074 332 3139 VIII.
375 3076 421 3135 De
451 3075 629 3151 sororibus,
661 3075 792 3154 qualiter
819 3095 881 3137 una
909 3075 998 3137 alteri
1025 3076 1195 3161 succedere

96 3179 241 3242 debeant.
286 3177 318 3238 Si
334 3197 461 3240 sorores
476 3177 507 3237 in
523 3196 598 3238 casa
616 3177 711 3258 patris
726 3177 942 3249 remanserint,
966 3185 1019 3237 aut
1035 3178 1075 3238 ad
1092 3177 1195 3238 mari-

95 3289 161 3342 tum
184 3280 421 3353 ambolauerint,
444 3280 613 3342 succedant
634 3278 715 3358 patri
737 3299 794 3340 suo
818 3285 848 3339 et
863 3279 954 3340 matri
969 3297 1045 3340 suae
1060 3277 1091 3339 in
1108 3279 1194 3339 omni

96 3381 269 3443 substantia
285 3401 403 3453 eorum,
421 3382 498 3444 sicut
514 3389 606 3442 antea
623 3380 704 3464 [cop.
720 3379 747 3464 1]
765 3380 937 3446 statuimus.
969 3381 1007 3442 Et
1029 3380 1056 3442 si
1079 3389 1194 3443 conte-

95 3482 174 3563 gerit
195 3502 256 3544 una
278 3502 317 3544 ex
339 3484 457 3545 eisdem
480 3482 639 3544 sororibus
663 3481 753 3558 mori,
775 3490 847 3543 tunc
869 3489 899 3542 et
922 3482 1056 3563 quaein
1078 3483 1193 3562 capilio

95 3594 326 3657 remanserent,
360 3593 390 3646 et
418 3604 498 3664 quae
534 3585 573 3645 ad
604 3584 748 3645 maritum
779 3583 1022 3655 ambolauerint,
1045 3583 1076 3644 in
1106 3583 1194 3645 omni

94 3687 233 3767 portioni
249 3687 366 3748 sororis
386 3707 462 3748 suae
478 3687 650 3757 defunctae,
674 3685 816 3765 quamuis
832 3685 935 3764 puella
950 3694 1074 3747 mortua
1089 3686 1192 3758 fuerit,

94 3790 272 3853 succedant.
313 3788 452 3850 Parentis
479 3796 583 3850 autom
603 3786 778 3869 propinqui
805 3794 860 3848 aut
884 3787 1055 3849 mundoald
1082 3806 1192 3849 earum

94 3898 213 3954 tantum
237 3891 395 3952 mundium
418 3910 526 3952 earum
548 3888 730 3968 suscipiant3
753 3907 827 3949 nam
850 3889 1003 3950 derebus
1027 3889 1092 3951 eius
1116 3889 1192 3951 aliut

92 3993 169 4055 nihil
190 3991 372 4073 percipiant.
427 3991 459 4052 Si
481 4001 586 4054 autem
614 3990 785 4070 contegerit
813 3989 867 4051 illa
896 3989 990 4062 mori,
1022 4010 1104 4070 quae
1126 3991 1191 4052 iam

93 4116 114 4184 1)
134 4131 235 4185 eappur
260 4117 305 4170 uei
329 4130 411 4184 cepur
436 4115 494 4168 cod.
524 4113 632 4169 Vercelt.
657 4112 733 4166 Poris
762 4111 844 4165 4614.
877 4111 1019 4167 Gotdanus.
1070 4111 1115 4166 An
1138 4128 1190 4181 per

90 4208 205 4286 padus,
225 4215 255 4260 ut
274 4195 354 4258 Roth.
377 4203 438 4258 153.
476 4202 580 4274 Liurpr.
603 4202 656 4257 17?
