2574 4710
47 108 289 172 LIVTPRANDI
309 110 435 171 LEGES
455 109 858 176 ANN1xv1.xv11.cAP.
883 113 1058 176 103-105.
1087 112 1146 176 125

46 294 208 354 uiuentem
230 312 333 356 secas
349 294 389 356 ad
406 294 550 357 maritum
566 295 695 367 dederit,
718 294 840 357 ordinet
854 314 909 358 eas
923 295 1015 357 iuxta
1035 296 1146 376 legem,

39 395 185 477 ¹qualiter
204 396 347 462 uoluerit.

135 500 206 564 103.
229 497 307 563 VIII.
350 496 432 558 Nulli
462 497 503 559 sit
527 497 699 571 licentiam,
730 497 853 580 coniugi
880 517 957 560 suae
986 500 1025 560 de
1051 502 1145 561 rebus
1195 529 1198 532 ⁴

45 600 114 662 suis
138 599 271 680 amplius
294 601 371 661 dare
393 619 449 681 per
472 599 696 680 qualecumque
717 599 855 680 ingenio,
878 601 938 662 nisi
960 602 1044 680 quod
1066 601 1095 662 ei
1114 595 1146 662 in

42 701 133 762 diem
156 709 308 764 'uotorum
334 701 366 762 in
392 701 532 782 metphio
560 708 591 763 et
619 701 799 782 morgincap
829 701 950 763 dederit
975 703 1146 763 secundum

44 803 240 866 anteriorem
270 803 362 866 edicti
388 803 502 884 pagina
525 803 654 889 [Liatpr.
678 804 707 888 7]
738 810 768 865 et
789 804 874 884 qnod
896 822 991 884 super
1016 803 1145 880 dederit,

41 923 110 967 non
133 904 174 968 sit
193 905 345 968 stabilem.

394 1004 525 1086 Explicit
546 1007 585 1067 de
607 1026 689 1068 anno
711 1007 794 1072 xv1.

117 1226 262 1289 INCIPIT
282 1228 336 1288 DE
356 1227 467 1290 ANNO
490 1225 813 1290 SEPTIMODECIMO
835 1227 876 1312 (p.
901 1227 973 1289 oar.
995 1227 1077 1310 729).

134 1410 259 1474 Vicibus
281 1413 344 1474 iam
371 1414 466 1474 etiam
493 1461 501 1478 .
525 1460 532 1477 .
557 1461 564 1476 .
591 1412 623 1472 in
651 1411 812 1473 uolumina
839 1412 870 1472 in
898 1411 1026 1492 antiquo
1055 1410 1146 1471 edicti

50 1532 185 1593 corpore
212 1513 266 1575 illa
298 1513 421 1575 adicere
456 1514 652 1586 curauimns,
686 1534 746 1594 que
773 1515 833 1574 deo
859 1513 974 1594 placita
1003 1519 1034 1574 et
1063 1513 1146 1593 genti

48 1624 160 1676 nostre
180 1615 368 1695 expediuilia
390 1635 460 1678 esse
483 1616 700 1696 cognouimus:
723 1623 755 1677 et
775 1635 856 1676 nunc
872 1616 996 1696 quidem
1018 1622 1147 1695 propter

48 1716 187 1798 singulas
203 1718 395 1791 uexationes,
420 1737 479 1797 que
495 1719 575 1778 inter
588 1717 732 1778 homines
753 1717 904 1790 oriuntur,
926 1717 1144 1798 prospeximus

49 1818 144 1881 etiam
167 1829 196 1880 et
218 1819 314 1880 modo
337 1819 515 1899 adiungere,
538 1839 598 1899 que
620 1825 776 1899 oportuna
798 1838 869 1880 esse
889 1821 1073 1898 probantur.
1107 1818 1146 1878 Et

49 1922 92 1982 ita
118 1920 285 1983 statuimus
313 1928 407 2000 aupue
436 1920 630 1991 censuimus,
663 1928 741 1981 uta
772 1920 821 1979 die
847 1919 907 1981 isto
940 1919 1144 1980 kalendarum

52 2023 233 2084 martiarum
256 2042 339 2085 anno
362 2023 449 2102 regni
470 2021 581 2095 nostri,
616 2022 675 2082 deo
697 2020 848 2104 propitio,
877 2021 1144 2100 septimodecimo,

55 2123 219 2186 indictione
247 2124 447 2197 duodecima,
480 2124 525 2186 sic
556 2124 670 2184 debeat
697 2123 736 2182 de
768 2121 834 2184 istis
866 2122 966 2184 causis
1000 2121 1146 2181 iudicium

56 2227 237 2303 procedere:
260 2245 334 2292 nam
350 2227 434 2306 quod
454 2235 547 2289 antea
561 2232 676 2287 statuta
691 2230 771 2297 sunt,
787 2225 882 2285 modo
898 2225 1023 2285 minime
1037 2224 1146 2285 renol-

56 2336 172 2392 uantur.
217 2313 298 2401 Quia
318 2328 409 2389 nobis
433 2328 477 2389 sic
499 2327 642 2389 constetit
671 2346 739 2386 cum
768 2326 884 2389 nostris
906 2326 1057 2388 iudicibus
1082 2336 1145 2388 tam

56 2429 91 2490 de
112 2431 229 2493 austria
251 2438 282 2492 ct
303 2428 441 2491 neustria
464 2438 495 2491 et
517 2431 555 2491 de
577 2429 673 2492 tuscie
694 2428 834 2509 partibus
863 2428 915 2489 uel
942 2447 1011 2488 cum
1036 2427 1145 2489 ceteris

10 2556 14 2569 ·
58 2529 253 2613 langobardis
275 2531 419 2593 fidelibus
442 2532 566 2604 nostris,
589 2531 620 2591 id
643 2539 690 2593 est
710 2533 742 2592 In
761 2530 886 2611 primis:
991 2558 993 2563 2

147 2635 216 2700 104.
249 2633 272 2700 Ι.
328 2633 358 2695 Si
390 2653 499 2695 seruus
538 2633 776 2714 cuiuscumque,
820 2631 940 2693 habens
977 2630 1145 2712 legitimam

66 2750 203 2808 onorem,
236 2743 266 2796 et
295 2735 388 2796 aliam
422 2735 566 2796 ancillam
596 2754 692 2815 super
719 2754 789 2795 eam
817 2733 956 2805 duxerit,
990 2742 1147 2812 conponat

67 2832 195 2898 dominus
219 2837 312 2913 serui,
336 2837 414 2898 sicut
434 2836 535 2897 edicto
559 2837 598 2895 de
620 2835 772 2897 adulterio
795 2835 929 2896 contenit
951 2834 1051 2919 [liott.
1077 2838 1145 2899 194.

70 2936 116 3013 cfr.
135 2939 254 3020 Liutpr.
276 2943 327 3004 95.
351 2938 434 3021 titt
458 2937 486 2997 ci
508 2936 593 2998 cuius
617 2937 758 2998 ancillam
779 2944 891 3016 postea
912 2936 988 2999 tolit.
1025 2936 1145 2997 Ancilla

70 3052 132 3097 nero
156 3040 226 3120 ipsa
255 3060 314 3121 pro
339 3039 462 3103 inlecita
495 3039 729 3118 presumptione
763 3037 893 3118 accipiat
920 3037 1015 3098 talem
1050 3037 1146 3099 disci-

30 3210 34 3215 ·
71 3134 170 3211 plinam
191 3142 232 3204 ad
255 3141 414 3203 dominum
436 3140 578 3203 suumin
605 3139 762 3220 presentia
784 3141 823 3200 de
845 3139 971 3201 domino
994 3139 1089 3212 serui,
1112 3148 1147 3201 ut

72 3235 118 3300 alia
137 3243 279 3305 ancillam
300 3242 361 3305 hoc
382 3244 485 3304 iacere
507 3262 569 3303 non
590 3250 759 3321 presumat.

139 3346 208 3410 105.
230 3344 268 3405 ΙΙ.
310 3346 357 3406 De
377 3345 426 3407 his
450 3344 502 3424 qui
519 3344 558 3403 de
578 3343 698 3405 inlecito
711 3345 944 3427 matrimonium
955 3352 1026 3405 ante
1040 3352 1145 3424 tempo

72 3441 123 3502 nati
150 3453 234 3522 sunt,
276 3453 307 3508 et
343 3447 371 3506 ei
407 3446 541 3527 legetimi
577 3446 665 3507 tratri
706 3447 754 3508 sui
793 3447 987 3509 uolontariae
1024 3456 1146 3528 partem

73 3536 222 3621 dederunt,
244 3548 288 3609 ita
309 3548 493 3621 statuimus,
521 3555 555 3609 ut
576 3548 603 3609 si
625 3547 652 3608 ei
680 3548 768 3609 fratri
794 3550 841 3610 sui
867 3549 1000 3629 legetimi
1030 3551 1147 3611 uolon-

72 3643 152 3709 ian'ae
172 3657 294 3730 partem
317 3651 482 3723 dederunt,
509 3648 631 3728 inipso
655 3651 788 3711 deueant
808 3670 1007 3730 permanere,
1038 3662 1069 3713 et
1091 3671 1145 3713 eos

72 3740 272 3814 exheredare
294 3751 427 3811 menime
450 3752 591 3817 deucant
638 3751 717 3812 Nam
745 3759 834 3831 pater
859 3772 922 3813 non
949 3753 1050 3833 possit
1075 3753 1145 3815 illos

71 3837 192 3916 illlecitds
221 3872 324 3934 neque
352 3872 409 3932 per
439 3851 526 3913 thinx
555 3853 605 3913 uel
632 3872 689 3932 per
719 3853 936 3935 qualicumque
969 3855 1146 3916 conludium

74 3938 181 4017 heredis
203 3955 372 4019 instituere.
416 3953 484 4015 Hoc
506 3962 609 4016 autem
631 3955 703 4017 ideo
726 3963 862 4018 statuere
883 3955 1091 4036 preuidemus,
1114 3963 1148 4018 ut
