2574 4710
71 328 153 420 vtae
360 326 526 390 norcrvs
548 326 915 394 nannonamonvu.

1 583 3 587 y
92 512 207 574 habeat
229 511 371 574 dominus
393 534 476 585 suus,
500 531 591 592 quem
614 512 640 574 si
661 513 721 574 hac
743 513 908 575 occasione
924 506 1076 586 amiserit,
1106 511 1173 574 elti-

92 614 187 676 cietur
214 613 442 693 pauperrimus.
485 615 546 674 Sed
575 632 631 675 seu
660 633 771 687 unum,
804 613 870 675 siue
898 614 1004 694 plures
1035 614 1173 676 habuerit

92 715 240 788 famulos,
264 715 344 777 etin
366 735 429 777 uno
452 716 588 795 quolibet
609 734 718 776 eorum
738 716 821 778 istud
843 716 1004 790 acciderit,
1035 715 1173 779 dominus

92 838 181 889 suus,
211 816 254 877 uti
281 817 438 880 decretum
466 825 528 892 est,
558 837 629 879 eum
657 816 816 891 rumille,
848 836 941 897 quam
964 818 1022 880 sibi
1050 837 1174 879 uxorem

95 918 209 992 tulerit,
242 919 402 999 possideat
432 919 585 999 perpetim
617 938 687 979 cum
718 918 788 981 filiis
822 938 940 984 eorum.
982 921 1021 982 Et
1054 919 1082 982 si
1114 920 1174 1000 quis

91 1022 276 1084 temerarius
308 1041 363 1084 eos
397 1022 437 1082 ad
468 1021 585 1101 palatio
617 1029 725 1100 petere
752 1020 896 1101 deinceps
928 1020 1173 1104 praesumpserit,

92 1123 199 1204 petitio
221 1122 302 1186 illius
325 1141 415 1185 cassa
437 1126 650 1203 permaneant.

176 1229 207 1291 2.
250 1224 281 1286 Si
310 1224 377 1305 quis
408 1243 426 1285 a
456 1243 652 1305 quocumque
678 1223 770 1286 fuerit
800 1224 961 1305 plagatus,
994 1231 1026 1285 ct
1059 1223 1172 1304 plagam

92 1327 185 1388 iudex
206 1326 442 1407 praesentaliter
462 1327 577 1387 factam
599 1325 763 1406 aspexerit,
785 1333 815 1387 et
836 1325 1034 1388 aduersarius
1056 1325 1139 1387 illam
1152 1325 1173 1386 ei

94 1429 193 1510 egisse
214 1429 388 1509 negauerit,
414 1433 544 1508 preueat
565 1435 793 1488 sacramentum
815 1426 974 1507 plagatus,
1002 1428 1089 1508 quod
1111 1446 1173 1487 cer-

93 1530 153 1592 tius
175 1530 255 1610 ipse,
285 1549 380 1609 super
409 1549 503 1610 quem
527 1528 748 1608 proclamauit,
774 1528 859 1591 illam
885 1529 913 1589 ei
939 1529 1061 1605 fecerit,
1090 1548 1172 1610 quan

13 1652 15 1656 ¹
94 1631 264 1694 ostenderit
284 1630 427 1711 plagam;
449 1635 560 1710 postea
580 1649 656 1691 uero
678 1630 837 1711 improbus
859 1630 1021 1711 persoluat
1040 1629 1086 1691 illi
1098 1630 1171 1692 iuxta

95 1732 185 1794 edicti
206 1741 315 1795 tenore
336 1731 482 1794 iustitiam
504 1734 624 1811 absque
645 1732 1037 1813 tergiuersationealiqua.
1104 1814 1106 1819 Ι

177 1837 207 1900 3.
251 1834 282 1896 si
303 1834 421 1895 clarum
442 1833 735 1915 manifestatumque
755 1835 849 1896 tuerit
863 1834 1001 1915 qualibet
1013 1831 1170 1895 foeminam

95 1944 242 1998 consuete
269 1943 304 1997 et
325 1935 465 2017 legaliter
499 1935 661 1997 habuisset
693 1936 853 2010 maritum,
887 1945 918 1998 et
951 1944 1099 2016 quartam
1128 1952 1171 1996 seu

35 2023 37 2026 ’
94 2025 238 2100 octabam
259 2037 420 2100 habuisset
442 2038 481 2098 ab
505 2056 542 2097 eo
565 2036 623 2098 sibi
644 2037 773 2112 laetam,
795 2057 928 2120 eamque
948 2035 1171 2117 perturbatione

95 2140 244 2220 temporis
263 2139 439 2220 'perdidisse
456 2139 772 2226 ,quomodocumque3
794 2141 845 2202 uel
865 2141 891 2203 si
913 2140 1021 2214 etiam,
1044 2147 1079 2200 ut
1100 2137 1172 2200 arci·

96 2243 171 2302 dere
192 2241 272 2304 solet
293 2241 478 2315 multotiens,
507 2249 650 2321 quartam
672 2243 782 2305 eadem
803 2242 854 2303 uel
875 2245 986 2304 octaba
1007 2261 1074 2302 non
1095 2239 1173 2302 fuerit

95 2344 218 2424 scripta,
239 2343 434 2423 propinquus
455 2342 556 2405 mariti
575 2343 625 2412 uel
648 2343 773 2424 quilibet
787 2343 865 2405 alter
885 2345 1017 2405 eandem
1041 2349 1171 2424 quartam

96 2445 146 2506 uel
168 2447 279 2507 octaba
301 2445 402 2505 eidem
424 2443 544 2505 mulieri
565 2445 624 2506 rite
649 2453 866 2525 conpetentem
892 2453 1037 2506 contrane
1059 2443 1172 2505 minime

96 2553 285 2627 praesumat.
324 2546 373 2617 De
400 2544 509 2626 quibus
538 2545 564 2608 si
591 2546 721 2610 'ulterius
755 2546 986 2610 altercationem
1020 2546 1171 2628 quisquan

97 2647 303 2729 proposuerit,
319 2646 384 2709 eius
401 2646 569 2727 querellam
584 2647 700 2709 nullum
715 2648 854 2729 optineat
866 2649 1011 2726 fructum,
1023 2647 1170 2729 ¹quonian

96 2750 235 2830 iniquum
257 2756 288 2812 et
308 2747 583 2828 reprehensibilem
604 2749 738 2824 uidetur,
765 2757 799 2813 ut
821 2752 904 2833 qued
929 2769 1038 2812 omnes
1061 2751 1101 2810 de
1122 2747 1173 2811 stis

97 2851 229 2912 retinent
253 2850 343 2924 uiris,
378 2848 556 2931 aliquantae
592 2851 736 2915 mulieres
765 2871 822 2933 per
855 2853 973 2915 incuria
1000 2852 1052 2914 uel
1082 2851 1175 2932 aliqua

8 2945 11 2950 ’
98 2952 267 3016 accidentia
288 2951 470 3018 ammittant.

179 3056 209 3121 4.
253 3053 283 3117 Si
306 3053 373 3134 quis
396 3073 430 3116 se
451 3062 562 3117 testem
582 3054 613 3115 in
637 3075 833 3137 quocumque
860 3055 1029 3118 munimine
1049 3054 1178 3138 propriis

99 3157 240 3219 manibus
263 3155 477 3235 subscripserit
500 3157 539 3217 de
561 3159 655 3219 rebus
677 3157 864 3238 quibuslibet
884 3158 1015 3221 forsitan
1036 3157 1120 3220 facto
1144 3156 1179 3218 ad

99 3279 133 3320 se
154 3258 385 3339 pertinentibus,
408 3257 590 3331 statuimus,
602 3266 636 3320 ut
655 3267 767 3339 postea
784 3259 870 3322 nullo
886 3261 980 3321 modo
994 3259 1068 3321 inde
1084 3260 1181 3321 ualeat

100 3380 227 3423 mouere
248 3359 475 3436 causationem3
498 3341 590 3423 dedet
611 3361 693 3422 enim
713 3361 842 3424 sollicite
855 3362 1037 3443 perquirere
1048 3370 1084 3424 'et
1098 3362 1180 3432 scire,

101 3462 173 3543 quid
194 3462 233 3524 sit
253 3462 327 3539 illut,
350 3462 402 3523 ubi
422 3469 550 3544 rogatur
571 3463 775 3526 subscribere.

183 3567 212 3629 5.
256 3563 288 3624 Si
309 3563 376 3644 quis
399 3567 465 3625 re'm
486 3584 575 3626 suam
597 3564 780 3646 obligauerit
800 3564 995 3646 cuicumque,
1029 3573 1062 3627 et
1083 3566 1181 3626 denuo

99 3665 184 3726 illam
211 3664 299 3726 alteri
327 3665 514 3740 uendiderit,
542 3673 573 3729 et
600 3676 723 3747 emptor
749 3667 850 3748 ipsam
878 3675 949 3729 ante
975 3665 1088 3728 faciem
1110 3665 1182 3743 eius,

102 3766 150 3827 oui
171 3767 307 3848 obligata
328 3767 420 3830 luerit
434 3767 529 3847 prius,
553 3788 636 3832 anno
652 3789 715 3830 uno
731 3770 853 3849 expleto
868 3767 1054 3849 possederit,
1075 3776 1182 3848 postea

102 3869 213 3929 exinde
235 3868 349 3930 nullam
379 3871 623 3940 controuersiam
645 3871 693 3933 his
717 3871 769 3951 qui
791 3891 860 3931 eam
882 3871 1050 3951 obligatam
1072 3869 1182 3939 habuit,

102 3970 206 4032 ualeat
226 3989 367 4047 mouere3
390 3973 536 4052 quoniam
551 3972 700 4055 neglectui
716 3972 780 4034 eius
796 3973 853 4034 rite
875 3971 1081 4053 deputabitur,
1103 3969 1182 4051 qued

103 4078 275 4152 emptorem
296 4072 376 4133 infra
398 4081 444 4134 tot
465 4074 598 4154 spatium
621 4075 731 4135 exinde
753 4073 911 4155 appellare
933 4072 1130 4154 contempsit,
1158 4077 1185 4131 et

104 4175 188 4254 quod
216 4177 254 4235 ab
283 4174 336 4235 illo
364 4175 535 4256 ongatore
561 4177 675 4238 nullam
702 4176 787 4256 prins
816 4175 967 4256 acceperit
991 4173 1180 4246 firmitatem;
