2574 4710
103 356 163 422 186
387 352 511 416 LEGES
532 351 896 418 LANGOBARDORVM.

47 536 50 544 ’
121 542 151 604 3.
182 538 224 600 Vt
244 537 454 618 langobardus
476 538 669 624 langobarda
690 539 863 600 nullatenus
878 543 1110 616 comparentur,
1131 555 1178 598 nce

182 640 214 700 in
236 659 323 701 mare
343 642 567 707 uenundentur.

120 743 150 808 4.
182 743 223 803 Vt
242 741 393 814 tertiatur,
416 742 441 804 si
457 762 475 804 a
490 743 682 824 langobardo
704 741 846 804 uenditus
868 740 970 813 inerit,
993 748 1179 820 comparetur

184 850 214 905 et
235 863 330 924 super
350 863 438 905 mare
460 864 522 906 non
544 845 745 907 uenundetnr.

120 947 149 1009 5.
181 945 223 1007 Vt
243 946 456 1026 negociatores
472 948 510 1018 ab
533 946 673 1026 utrisque
693 945 832 1024 partibus
854 944 952 1006 illaesi
976 934 1178 1025 permaneant.

120 1051 150 1113 6.
183 1047 229 1107 De
250 1048 420 1128 fugacibus,
442 1047 530 1108 liberi
551 1048 601 1109 nel
623 1046 714 1109 serui.

120 1153 161 1215 7.
181 1149 228 1210 De
248 1149 414 1226 homicida,
437 1149 490 1230 qui
512 1149 707 1211 exercitalem
722 1148 772 1210 nel
794 1147 919 1209 militem
935 1155 989 1208 aut
1012 1144 1176 1226 simpliciter

183 1251 391 1337 ambulantem
413 1251 562 1314 occiserit.

119 1353 149 1417 8.
181 1353 228 1412 De
242 1353 300 1414 biis
317 1353 533 1433 qniiustitiam
556 1351 755 1433 exquisierint
770 1357 800 1413 et
813 1370 876 1412 non
898 1349 1084 1432 receperint,
1107 1367 1175 1429 qua-

181 1454 250 1516 liter
270 1454 437 1535 pignorare
459 1456 602 1520 debeant.

119 1559 148 1622 9.
180 1556 222 1617 Vt
236 1556 262 1618 si
284 1556 436 1637 quispiam
458 1557 585 1619 militem
607 1563 660 1619 aut
680 1556 774 1618 aliam
795 1574 963 1636 personam
986 1557 1114 1616 bactere
1133 1561 1172 1615 ant

182 1657 279 1738 ligare
299 1658 552 1738 praesumpserit.

101 1761 150 1824 10.
181 1759 228 1820 De
250 1779 288 1820 eo
311 1759 363 1840 qui
384 1759 416 1820 in
437 1760 551 1822 furtum
575 1760 787 1841 deprehensus
808 1759 908 1820 inerit

101 1863 148 1927 11.
181 1861 227 1922 De
241 1861 352 1923 iurone
367 1871 397 1925 et
411 1861 577 1936 homicida,
592 1869 626 1924 ut
640 1881 659 1923 a
673 1862 813 1942 partibus
828 1863 992 1923 ambarum
1007 1859 1161 1924 reddantur.

101 1965 148 2029 12.
180 1964 226 2025 De
249 1964 426 2026 actionariis
449 1963 579 2045 qualiter
599 1971 777 2045 peragatur.

100 2068 148 2132 13.
179 2067 226 2127 De
246 2066 423 2128 bominibus
440 2066 491 2147 qui
505 2086 562 2147 per
575 2065 702 2127 flumina
723 2064 917 2140 transierint;
940 2069 971 2125 et
991 2072 1026 2126 ut
1048 2082 1111 2124 non
1124 2062 1166 2122 de-

179 2164 311 2230 tineatur
331 2169 455 2250 nauigia
476 2168 508 2229 in
529 2167 667 2248 partibus
689 2166 813 2230 nostris.

99 2270 148 2335 14.
179 2270 226 2330 De
246 2270 461 2333 terciatoribus
484 2276 515 2331 et
535 2269 764 2332 condicionibus
785 2268 920 2333 illorum.

99 2375 147 2437 15.
180 2373 220 2433 vt
249 2372 384 2435 cauallus
415 2380 445 2434 et
470 2374 528 2434 bos
556 2370 730 2434 nullatenus
757 2377 846 2432 extra
875 2368 1030 2431 ciuitatem
1053 2384 1169 2447 compa-

179 2481 295 2539 rentur.

97 2579 145 2642 16.
178 2577 218 2637 Vt
240 2583 311 2638 ante
336 2577 460 2639 tertiam
481 2583 512 2639 et
533 2582 676 2659 quartam
703 2573 960 2638 contestationem
988 2570 1169 2634 barbaricum

179 2697 236 2757 pro
259 2678 396 2757 quolibet
419 2698 492 2741 casu
515 2698 578 2739 non
599 2677 761 2751 iaciamus.

98 2782 146 2846 17.
181 2780 222 2840 Vt
242 2779 448 2860 propignere
468 2779 569 2842 nullus
591 2780 704 2841 audeat
724 2778 899 2860 pignerare.

97 2882 146 2948 18.
178 2883 218 2943 Vt
238 2901 296 2962 pro
319 2901 413 2944 causa
436 2901 530 2945 eausa
551 2901 614 2944 non
636 2886 851 2962 anteponatur.

97 2986 145 3051 19.
176 2985 218 3046 Vt
244 2983 296 3045 ubi
323 2984 492 3047 exercitare
518 2984 691 3058 uolueritis,
719 2982 849 3046 anobis
870 2981 988 3048 nullam
1009 2980 1186 3042 laesionem·

85 3107 86 3110 ¹
177 3085 331 3152 habeatis.
755 3136 759 3142 .

94 3191 145 3256 20.
176 3189 217 3250 Vt
242 3207 306 3248 non
332 3195 512 3266 praesumat
539 3187 649 3269 aliquis
678 3187 874 3267 terciatorem
902 3184 1097 3247 exercitalem
1127 3190 1176 3245 aut

177 3290 302 3351 militem
323 3288 437 3355 iacere.

94 3395 143 3458 21.
176 3393 217 3453 Vt
243 3391 268 3454 si
296 3391 442 3453 terciator
474 3395 626 3454 absconse
658 3390 830 3453 exercitalis
862 3389 961 3452 factus
989 3388 1095 3462 fuerit,
1128 3394 1174 3450 ant

178 3493 274 3555 miles.

93 3599 143 3661 22.
174 3596 217 3657 Vt
237 3595 264 3657 si
285 3595 353 3676 quis
375 3596 471 3656 bomo
491 3596 570 3657 liber
591 3614 720 3658 uxorem
743 3593 864 3655 duxerit
884 3593 1090 3656 tertiatricem.

14 3774 17 3780 Ι
93 3701 143 3763 23.
176 3698 223 3757 De
243 3697 398 3778 legatariis
420 3697 552 3778 qualiter
572 3697 660 3758 inlesi
680 3704 893 3778 permaneant.

93 3801 144 3864 21.
175 3799 221 3859 De
243 3800 351 3862 fracta.

93 3905 143 3967 25.
175 3902 222 3961 De
243 3900 384 3962 nefandis
407 3900 594 3974 criminibus,
617 3901 666 3962 uel
688 3900 754 3962 aliis
778 3901 888 3973 causis,
911 3898 982 3962 siin
998 3894 1172 3961 terciatorcs

177 4004 376 4067 deuenerunt.
513 4081 516 4091 Ι

93 4107 143 4176 26.
175 4105 218 4165 Vt
239 4104 264 4165 si
286 4104 393 4185 aliquis
417 4123 485 4164 cum
507 4104 670 4166 terciatore
693 4123 819 4166 oausam
839 4103 983 4166 babuerit
998 4122 1016 4163 a
1030 4109 1118 4182 parte
1132 4099 1172 4160 rei

175 4206 306 4286 puplice.
