2574 4710
101 362 160 426 138
200 361 436 445 leTPnnnnl
456 361 581 423 LEGES
601 358 699 423 ANNI·
717 362 804 427 xxi.
826 361 908 424 CAP.
933 363 1095 428 laetae.

97 546 179 607 laeta
201 552 280 622 ost‘f:
304 552 335 607 et
355 545 399 608 sio
409 552 520 625 postea
530 544 659 626 recipiat
672 547 805 626 pretium
826 566 916 608 sunm
938 553 970 608 et
989 546 1059 626 ipso
1081 563 1180 628 nego-

100 648 174 708 tium
199 655 359 710 remaneat
385 648 416 710 in
442 647 543 728 ipsam
570 666 685 710 casam.
734 648 813 710 Nam
840 648 867 710 si
894 648 933 709 do
960 648 1013 710 illo
1042 648 1178 710 laborem

98 750 329 829 conparauerit,
358 751 443 831 quod
469 760 581 831 postea
613 750 780 825 laborauit,
816 757 869 811 aut
895 750 967 813 feeit
991 753 1122 831 posteris
1152 751 1185 811 in>

97 851 199 932 ipsam
220 871 325 915 oasam
348 853 387 913 ad
410 871 536 914 censum
550 852 743 913 reddendum
755 851 902 925 introiuit,
923 852 1047 932 inipso
1069 852 1178 931 cespite

98 952 243 1025 dimittat,
271 955 323 1016 ubi
348 953 515 1019 laborauit.
568 953 637 1015 Hoe
665 961 769 1015 autem
799 955 871 1015 ideo
897 972 979 1015 nuno
1004 953 1176 1027 affiximus,

98 1055 171 1135 quia
197 1057 381 1117 tantumodo
408 1075 502 1118 eausa
529 1056 641 1118 ista'in
670 1055 731 1118 hoc
757 1056 852 1118 modo
882 1075 1007 1137 semper
1033 1063 1065 1117 et
1091 1062 1176 1116 ante-

97 1175 256 1218 cessorum
283 1166 461 1221 nostrorum
486 1166 628 1239 tempore
655 1167 685 1221 et
711 1166 820 1220 nostro
846 1176 904 1239 per
929 1157 1113 1219 oaunarfida
1138 1157 1175 1218 sic

96 1258 261 1320 iudicatam
284 1268 350 1337 est;
371 1279 445 1321 nam
464 1260 495 1320 in
519 1260 619 1322 edicto
641 1259 756 1339 scripta
776 1279 838 1321 non
859 1260 924 1324 fuit.

183 1363 252 1426 134.
273 1364 310 1445 V,
353 1361 386 1421 Si
405 1360 548 1423 homenis
569 1362 600 1421 in
616 1382 678 1422 uno
694 1361 762 1423 uico
777 1360 943 1424 habitantis
959 1361 1064 1442 aliqua
1078 1359 1172 1421 inten-

96 1462 188 1526 tionis
208 1462 352 1524 habuerit
373 1462 412 1522 de
433 1481 545 1542 eampo
566 1470 619 1524 aut
640 1464 744 1535 uinea,
767 1464 867 1543 prado
890 1471 950 1528 aut,
962 1463 1055 1536 silua,
1078 1461 1125 1523 uel
1138 1462 1171 1522 de

98 1564 173 1626 alias
194 1583 259 1636 res,
282 1572 312 1625 et
333 1563 519 1625 collexerent
539 1583 573 1625 se
587 1584 648 1626 una
663 1584 737 1644 pars
753 1584 822 1627 oum
836 1565 980 1626 uirtutem
996 1572 1028 1625 et
1042 1563 1172 1624 dixerant

97 1666 190 1746 „quia
211 1664 363 1726 uuifamus
385 1673 416 1726 et
436 1665 617 1746 expellimus
639 1686 710 1727 eum
732 1668 771 1727 de
792 1667 892 1746 ipsum
913 1667 1016 1729 loonm
1031 1685 1094 1746 per
1114 1664 1171 1725 uir-

97 1775 192 1829 tutem
218 1767 339 1838 foras“,
360 1775 391 1828 et
413 1767 661 1839 ambolauerunt,
684 1776 715 1830 et
739 1754 919 1830 scandalum
942 1768 987 1830 ibi
1015 1766 1170 1829 comissum

97 1868 188 1931 luerit
209 1874 238 1928 et
264 1867 373 1948 plagas
396 1876 449 1930 aut
475 1869 581 1931 feritas
606 1870 705 1932 factas
732 1871 782 1931 uel
808 1869 904 1932 homo
933 1868 1053 1931 occisus
1075 1865 1169 1927 luerit:

95 1975 138 2032 ita
160 1969 368 2043 decernimus,
396 1978 430 2048 ut
450 1971 559 2051 plagas
581 1978 612 2032 et
631 1971 737 2034 feritas
764 1981 817 2034 aut
844 1971 1002 2034 hominem
1025 1977 1171 2032 mortuum

97 2080 282 2153 conponant,
309 2073 478 2135 secondum
520 2075 706 2135 anteriorem
749 2075 868 2147 edicto,
907 2073 991 2153 quod
1029 2070 1170 2152 gloriosus

96 2175 214 2236 rothari
234 2194 290 2235 rex
313 2174 393 2260 [cap.
417 2177 456 2240 43
478 2175 555 2260 opp]
583 2178 634 2238 uel
654 2197 712 2239 nos
734 2177 815 2262 [cop.
838 2173 955 2258 21162]
978 2172 1168 2244 institnimns;

94 2295 153 2356 pro
175 2283 278 2338 antem
299 2276 420 2339 inlecita
433 2278 698 2358 presumptionem
720 2279 758 2339 de
778 2278 847 2357 ipsa
869 2275 1083 2338 collectionem
1101 2291 1168 2335 oon·

95 2386 192 2459 ponat
219 2379 333 2441 solidos
361 2382 401 2444 20
428 2380 467 2440 ad
495 2378 579 2440 illam
607 2388 741 2460 partem,
770 2380 822 2459 qui
850 2378 882 2439 in
910 2396 1055 2457 campum
1073 2381 1128 2438 'aut
1143 2374 1171 2434 in

95 2481 165 2543 uitis
188 2479 237 2540 uel
259 2479 289 2540 in
310 2480 411 2560 prado
434 2488 488 2541 aut
506 2478 545 2541 in'
560 2481 638 2543 silua
661 2501 750 2544 suum
771 2481 913 2543 laborem
935 2479 1079 2562 iaciebat.
1112 2476 1174 2538 lloe

97 2592 200 2646 autem
220 2583 292 2643 ideo
313 2582 490 2655 statuimus,
518 2591 551 2644 ut
578 2583 679 2645 nullus
707 2590 868 2664 presumat
895 2581 993 2642 malas
1017 2598 1127 2642 causas
1145 2579 1172 2639 in

96 2684 328 2766 qualiscumque
354 2684 456 2745 locum
488 2683 621 2746 excitare
649 2693 702 2746 aut
726 2672 847 2760 facere;
871 2690 908 2745 ret
931 2702 995 2744 non
1023 2681 1172 2762 potuimus

96 2805 222 2849 oausam
242 2786 333 2849 istam
356 2785 545 2858 adsimilare,
567 2788 730 2866 nequead
752 2786 897 2848 arischild
919 2785 991 2870 [cfr.
1016 2785 1107 2849 liotlr.
1132 2784 1173 2848 19.

94 2890 211 2967 Liutpr.
227 2891 277 2954 35.
296 2887 365 2972 141]
388 2888 545 2967 nequead
564 2889 723 2950 consilinm
737 2888 963 2951 rusticanorum
980 2885 1082 2970 [Roth.
1097 2882 1173 2968 279]‚

94 3010 194 3071 neque
222 2991 262 3052 ad
290 2990 515 3052 rusticanorum
543 2991 692 3052 seditione
719 2991 817 3076 [ltotlt.
834 2988 921 3073 280]:
954 2995 985 3049 et
1006 2988 1077 3067 plus
1100 3005 1173 3048 con-

94 3113 203 3174 gruum
235 3093 325 3154 nobis
360 3093 462 3172 paruit
490 3112 559 3155 esse
591 3093 629 3152 de
660 3091 820 3154 consilium
849 3091 980 3163 malum,
1008 3089 1039 3151 id
1067 3095 1116 3152 est
1138 3088 1173 3148 de

94 3196 221 3259 oonsilio
249 3195 357 3258 mortis
386 3195 485 3280 [nott.
514 3194 572 3281 11].
626 3194 706 3266 Quia
741 3195 865 3275 quando
894 3212 928 3255 se
962 3192 1117 3273 collegunt
1146 3197 1173 3252 at

94 3318 188 3378 super
214 3297 292 3360 alius
319 3298 437 3359 uadunt
464 3317 522 3377 pro
557 3297 711 3377 peccatis,
745 3298 784 3358 ad
809 3297 841 3356 id
868 3295 970 3375 ipsum
1000 3295 1120 3356 uadunt
1144 3298 1173 3352 ut

95 3401 210 3461 malurn
231 3400 359 3472 faciant,
382 3407 435 3461 ant
456 3399 483 3461 si
504 3381 595 3462 casus
618 3383 769 3474 posuerit,
790 3398 948 3459 hominem
969 3394 1126 3465 occidant,
1147 3398 1174 3453 ot

93 3502 201 3583 plagas
224 3509 277 3563 aut
297 3501 403 3564 feritas
424 3501 552 3562 iaciant:
581 3501 666 3573 ideo,
696 3508 729 3561 ut
751 3500 909 3573 dixemus,
931 3496 1173 3561 adsimilauimns

70 3622 221 3675 ¹causam
246 3604 338 3665 istam
367 3604 407 3664 ad
429 3603 590 3666 consilium
612 3603 733 3674 mortis,
763 3602 846 3682 quod
869 3607 955 3677 sunt,
983 3599 1063 3662 sieut
1083 3614 1174 3677 supra

92 3707 311 3785 premisomus,
333 3705 423 3768 solidi
445 3703 565 3786 uigenti.

179 3810 248 3874 135.
270 3807 319 3871 Vl.
362 3807 583 3870 Adnuntiatum
605 3807 798 3889 estquidam
820 3805 923 3879 nobis,
953 3804 1036 3886 quod
1065 3801 1176 3883 aliquis

92 3930 259 3992 peruersus
288 3909 401 3985 homo,
429 3911 501 3971 dum
523 3929 558 3972 se
580 3910 714 3989 quedam
741 3908 856 3969 femina
882 3907 913 3968 in
938 3906 1033 3968 llnuio
1055 3903 1177 3976 lauant

92 4015 214 4093 pannus
237 4011 320 4084 eius,
348 4031 426 4092 qnos
448 4012 491 4073 ibi
511 4012 634 4080 habuit,
655 4014 738 4074 totus
759 4011 884 4085 tolissit‚
907 4008 1025 4089 etipsa
1046 4024 1177 4068 reman-

93 4114 176 4176 sissit
202 4113 301 4186 nuda,
333 4122 365 4174 et
393 4114 445 4194 qui
470 4115 556 4175 ibant
586 4122 617 4176 et
642 4113 833 4176 transiebant
863 4132 921 4193 per
950 4109 1052 4171 looom
1080 4108 1179 4182 illum,

93 4234 152 4296 pro
174 4215 308 4295 peccatis
331 4198 719 4297 nodabant-turpitudinem
740 4215 823 4290 eius;
845 4214 914 4294 ipsa
935 4220 1039 4276 autom
1059 4210 1175 4290 inipso
