2574 4710
259 336 495 432 urrumnai
515 354 640 432 anons
661 369 756 431 laur
777 367 831 437 xr.
849 369 939 436 car.
962 346 1011 438 ao.
1147 374 1189 440 aa

90 558 199 616 rentes
232 553 264 613 in
296 552 398 634 ipsam
429 539 648 617 uindictionem
678 573 805 617 manum
831 539 965 635 ponant,
999 560 1031 618 et
1059 555 1130 636 ipsa
1156 572 1191 620 se

92 653 288 716 uinditn'cem
313 643 432 731 faciat,
453 655 496 719 sic
523 665 554 720 et
576 657 745 718 mundoald
774 657 803 716 ei
832 657 1021 731 consentiat,
1051 664 1085 719 et
1107 658 1192 738 quod

94 755 273 818 vendiderit
304 757 447 819 stabilem
482 758 529 820 sit
595 758 701 821 Scriba
733 766 854 831 antem,
888 759 940 839 qni
972 760 1090 821 cartula
1122 760 1191 841 ipsa

92 857 270 939 scripserit,
301 877 365 921 non
401 859 490 922 aliter
520 866 682 941 presumat
713 859 865 934 scribere,
896 860 956 923 nisi
988 879 1058 922 oum
1083 862 1193 925 notitia

91 950 271 1041 parentum,
294 968 349 1022 aut
366 960 475 1024 iudicis
499 962 551 1042 qui
570 963 602 1025 in
623 963 693 1025 loco
715 963 816 1025 fuerit
858 961 945 1024 Etsi
967 961 1055 1024 aliter
1075 963 1191 1038 iecerit,

92 1063 163 1143 ipsa
185 1061 322 1123 uenditio
337 1071 437 1127 uacua
458 1063 506 1136 sit,
528 1070 559 1125 et
578 1065 718 1144 prelatus
740 1064 841 1127 scriba
864 1063 903 1126 sit
924 1063 1092 1144 culpandis,
1114 1064 1193 1128 sicut

94 1163 147 1244 qui
170 1162 288 1225 ramula
302 1163 383 1226 falsa
397 1165 531 1244 scripsit,
553 1167 633 1228 sicut
653 1184 748 1246 snpra
765 1165 846 1251 [cop.
858 1169 909 1231 22.
932 1167 992 1247 csr.
1004 1166 1093 1234 nott.
1105 1165 1190 1251 2431.

222 1345 368 1416 ‚nourr
388 1349 442 1409 nn
463 1348 573 1412 anuo
595 1349 801 1424 mancuso
824 1349 864 1435 (p.
889 1349 960 1414 cnr.
983 1349 1065 1434 raa).

179 1465 336 1540 Quoniam
366 1469 491 1549 quidem
523 1471 665 1550 superius
697 1471 729 1531 in
760 1471 822 1532 hoe
851 1469 940 1530 edicti
972 1487 1120 1550 corpore,
1153 1488 1191 1533 ea

101 1586 177 1649 qnae
199 1568 290 1631 nobis
313 1575 344 1630 et
364 1571 477 1633 nostris
498 1570 649 1635 iudicibus
677 1571 729 1632 uel
750 1570 860 1633 ceteris
887 1570 1088 1652 langobardis
1111 1591 1192 1634 cou-

97 1690 172 1752 grua
192 1680 380 1752 paruerunt,
408 1672 441 1733 in
463 1679 611 1753 quattuor
637 1672 843 1736 uoluminibus
873 1673 1040 1754 adiungere
1063 1675 1191 1737 ourani-

96 1793 176 1849 mns,
199 1780 231 1835 et
251 1793 342 1851 nunc,
364 1773 391 1837 si
412 1773 528 1855 aliquid
548 1794 608 1855 pro
631 1773 729 1855 gentis
751 1782 879 1837 nostrae
894 1774 1069 1837 saluatione
1090 1776 1192 1839 adhuc

95 1875 221 1938 adicere
242 1895 420 1958 possumus,
442 1875 604 1937 credemus
619 1893 678 1955 pro
692 1875 740 1938 his
757 1875 806 1936 dei
821 1875 1033 1939 misericordia
1052 1877 1190 1958 adipisci,

95 1985 128 2041 et
148 1978 382 2040 retributionem
404 1986 564 2040 aeternam
585 1979 624 2038 alr
646 1976 717 2056 ipso
740 1976 866 2039 domino
887 1978 954 2041 iesu
969 1978 1084 2041 christo
1105 1980 1191 2041 nihi-

92 2078 231 2142 lominus
257 2080 440 2161 promereri.
488 2080 571 2161 Ergo
597 2079 629 2138 in
656 2077 706 2138 dei
733 2078 951 2159 omnipotentis
978 2080 1104 2141 nomine
1131 2099 1189 2163 ego

95 2180 152 2263 qui
176 2201 272 2263 snpra
300 2182 455 2262 liutprand
491 2179 765 2243 excellentissimus
795 2180 893 2262 gentis
921 2179 1188 2261 langobardorum

96 2303 155 2345 rex
175 2302 258 2346 anno
279 2285 366 2366 regni
394 2285 454 2345 mei
476 2285 536 2345 deo
564 2288 746 2363 protegente
771 2281 951 2355 undecimo,
980 2282 1050 2344 diac
1074 2282 1189 2345 kalen-

102 2386 208 2448 darum
240 2387 437 2464 martiarum,
467 2385 633 2447 indictione
661 2391 765 2458 sexta,
796 2383 858 2445 hoc
881 2383 995 2446 iterum
1020 2384 1053 2445 in
1081 2384 1188 2465 quinto

99 2486 256 2550 uolumine
277 2487 445 2569 adiungere
466 2487 658 2562 curauimus;
680 2485 712 2546 id
734 2493 781 2548 est
802 2485 941 2566 kapitulo
962 2486 1077 2566 primo:

179 2593 230 2657 30.
253 2589 277 2656 Ι.
319 2591 366 2650 De
386 2589 434 2650 his
456 2588 592 2662 reminis,
621 2605 701 2668 quae
727 2587 871 2649 uelamen
899 2594 1006 2651 sancto
1031 2587 1188 2670 religionis

93 2691 281 2772 suscipiunt,
314 2699 368 2753 aut
395 2710 476 2771 qnae
505 2689 726 2770 aparentibus
755 2689 818 2752 snis
850 2690 910 2750 deo
940 2690 1103 2770 uouintur‚
1135 2698 1190 2753 aut

89 2795 183 2876 ipsae
211 2813 246 2857 se
275 2793 412 2874 elegunt,
445 2792 600 2874 religionis
632 2791 741 2853 habitu
776 2802 830 2853 aut
862 2799 982 2854 uestem
1012 2793 1189 2874 monastiga

89 2896 224 2958 induere
250 2896 417 2968 ucdentur,
452 2913 641 2975 quamquam
671 2894 880 2956 asacerdote
913 2902 1096 2976 consegrate
1124 2914 1188 2956 non

92 2997 165 3069 sint,
188 2997 232 3059 sic
253 2996 342 3058 nobis
363 2995 479 3058 iustum
499 2995 603 3077 paruit
625 3015 694 3058 esse
716 3015 773 3076 pro
797 2995 846 3056 dei
867 3013 985 3069 amore,
1011 3003 1045 3057 nt
1064 2996 1097 3056 in
1116 2996 1188 3077 ipso

90 3097 203 3160 habitu
224 3097 256 3158 in
278 3097 420 3160 omnibus
442 3105 654 3178 personarent,
675 3116 734 3158 nec
755 3096 794 3159 sit
814 3098 973 3160 excusatio
988 3098 1061 3160 mali
1081 3098 1189 3160 homi-

92 3200 186 3262 nibus
209 3199 357 3262 dicendo:
381 3243 399 3274 „
423 3201 506 3280 qnod
529 3207 651 3270 sacrate
672 3219 736 3262 non
757 3207 843 3272 sunt,
864 3199 935 3260 ideo
958 3199 983 3262 si
1005 3198 1190 3280 copolentur

92 3301 186 3382 culpa
206 3320 271 3362 non
291 3301 438 3368 habent“.
489 3301 560 3375 Sed,
582 3310 616 3364 ut
637 3321 733 3381 supra
754 3301 968 3382 premisemus,
991 3319 1071 3382 qnae
1092 3300 1189 3363 talem

92 3403 218 3484 signum
239 3421 334 3482 snper
355 3423 404 3478 se,
433 3403 464 3464 id
487 3411 535 3466 est
556 3403 698 3466 uelamen
720 3412 751 3466 et
776 3411 864 3467 ueste
890 3411 997 3466 sancte
1019 3403 1068 3465 dei
1089 3421 1191 3484 gene-

92 3504 186 3567 trices
209 3503 344 3582 mariae,
373 3523 568 3586 quocumque
591 3504 680 3586 genio
700 3504 732 3565 in
754 3523 788 3566 se
809 3505 995 3584 suscipiunt,
1025 3512 1056 3566 et
1076 3513 1189 3586 postca

94 3607 135 3668 ad
158 3606 352 3670 saecularem
373 3606 470 3668 uitam
490 3605 543 3667 nel
562 3606 671 3668 habitu
686 3606 819 3669 transire
838 3606 1003 3670 nullatinus
1018 3613 1189 3687 presumat.

92 3707 176 3781 Quia
197 3709 398 3771 considerare
413 3707 498 3770 denit
513 3727 622 3771 omnes
645 3708 818 3781 cristianus,
841 3709 925 3788 quod
945 3709 972 3771 si
988 3708 1192 3790 quiscumque

91 3812 270 3875 saeculares
295 3818 469 3891 parentem
500 3819 642 3874 nostram
681 3810 873 3873 saecularem
903 3810 1080 3891 disponsat,
1118 3829 1189 3871 cum

91 3912 163 3976 solo
186 3912 281 3976 anolo
309 3931 380 3975 cam
407 3914 553 3975 subarrat
575 3919 606 3974 et
627 3931 716 3976 suam
744 3911 834 3986 iacit,
862 3912 941 3974 etsi
969 3919 1081 3992 postea
1111 3911 1191 3974 alter

92 4032 163 4077 eam
185 4033 316 4076 onorem
339 4014 437 4088 ducit,
467 4014 634 4095 cnlpauiles
660 4013 815 4076 inuenitur
843 4012 960 4075 solidos
987 4021 1188 4077 sexcentos¹t

93 4155 114 4225 ¹)
133 4153 207 4210 llaec
221 4170 311 4226 poeno
328 4159 356 4209 tn
375 4157 460 4211 edicto
479 4172 606 4228 nusquam
620 4159 745 4212 statuitur
751 4172 760 4221 ,·
778 4169 838 4209 com
853 4155 929 4210 llotlr.
940 4169 998 4223 cop.
1011 4152 1062 4206 190
1078 4160 1189 4224 praeter

91 4244 195 4314 scidam
214 4251 242 4301 et
258 4244 377 4316 ooopmst
396 4248 473 4316 duplo
492 4251 591 4303 tontum
598 4252 694 4302 metor
713 4251 864 4316 compositio
882 4249 1034 4341 recepitur.

939 4321 957 4382 7
