2574 4710
143 371 184 434 no
395 365 615 431 ouiuvlcm
635 366 772 435 Lucas,
795 365 877 432 car.
900 371 992 435 n-u.

143 552 238 615 licata
259 551 366 623 fuerit,
396 559 469 612 tunc
490 550 619 613 maritus
642 550 707 614 eius
737 554 887 632 praebeat
917 561 1146 615 sacramentum
1165 574 1223 616 cum

143 653 323 735 parentibus
353 653 416 715 suis
447 652 608 732 legitimis,
642 653 700 714 sibi
733 653 952 729 duodecimus,
980 655 1051 734 quia
1079 675 1140 717 non
1166 665 1222 720 astu

145 757 250 818 animo
266 774 323 816 nec
339 755 448 817 dolose
470 755 497 816 ei
520 754 635 815 crimen
656 754 767 827 iniecit,
790 764 822 818 ut
846 775 917 819 eam
932 757 1061 820 deberet
1077 757 1227 832 dimittere
1259 822 1262 827 ,

144 859 204 920 nisi
224 877 282 938 per
303 865 420 918 certam
443 857 673 936 suspectionem
689 858 828 920 auditum
844 858 1006 921 habuisset
1026 860 1107 921 haec
1129 863 1229 936 uerba,

145 970 176 1022 et
204 959 230 1023 si
257 958 482 1029 haesissent,
510 959 551 1021 sit
579 959 723 1021 exolutus
747 979 765 1021 a
788 961 888 1041 culpa.
939 960 977 1022 Et
1006 961 1033 1023 si
1060 981 1123 1022 non
1150 961 1230 1022 luerit
1274 1022 1277 1041 Ι

145 1084 239 1126 ausus
262 1063 380 1136 iurare,
411 1070 571 1141 conponat
592 1061 702 1141 uirgild
729 1061 825 1142 ipsius
849 1061 1004 1144 mulieris,
1033 1072 1191 1142 tamquam
1210 1065 1229 1125 si
1274 1056 1277 1117 ἶ

144 1165 273 1226 fratrem
306 1164 370 1226 eius
404 1162 588 1235 occidisset,
630 1163 827 1225 medietatem
868 1163 933 1244 regi
974 1175 1005 1226 et
1044 1164 1228 1225 medietatem

144 1266 324 1347 parentibus
347 1265 493 1331 mulieris·

229 1370 259 1433 8.
304 1369 334 1430 Si
359 1367 468 1428 mulier
490 1377 544 1429 aut
565 1366 671 1446 puella
693 1376 802 1429 uotum
823 1367 982 1443 habuerit,
1017 1388 1232 1448 quemcumque

144 1472 263 1533 habere
285 1489 425 1541 uxorem,
450 1478 480 1532 et
503 1488 597 1548 super
618 1470 719 1549 ipsam
738 1469 892 1531 introierit
915 1479 945 1532 et
967 1470 1072 1532 tulerit
1094 1470 1122 1531 ei
1145 1471 1232 1530 mari-

145 1581 211 1634 tum
242 1592 305 1632 non
333 1591 437 1633 suum:
474 1571 615 1632 iubemus
646 1581 680 1632 ut
712 1590 821 1656 omnes
855 1590 906 1633 res
933 1591 1007 1633 suas
1035 1572 1149 1652 perdat
1177 1571 1233 1650 ipsu

141 1673 273 1749 mulier,
310 1673 361 1752 qui
391 1673 517 1735 sciendo
546 1673 671 1735 alterius
704 1673 815 1734 marito
844 1673 1041 1735 uoluntariae
1071 1674 1236 1748 consensit;

147 1785 178 1837 et
199 1774 399 1835 medietatem
422 1775 575 1835 derebus
599 1774 665 1836 eius
690 1773 821 1855 accipiat
844 1774 936 1837 curtis
959 1775 1045 1854 regia
1068 1783 1100 1837 et
1123 1774 1237 1835 medie--

147 1884 242 1938 tatem
281 1876 471 1956 parentibus.
536 1876 575 1937 Et
612 1874 700 1936 illam
737 1875 875 1955 priorem
916 1876 1077 1937 mulierem
1115 1877 1236 1956 recipiat

149 1977 278 2039 maritus
309 1999 400 2050 suus,
433 1987 464 2040 et
492 1977 575 2039 colat
606 1997 692 2052 eam,
723 1988 756 2039 ut
785 1979 874 2040 decet
906 1997 1037 2039 iixorcm
1064 1978 1237 2059 legitimam.

147 2080 264 2141 Vitium
287 2099 378 2142 suum
404 2089 541 2162 reputet,
565 2100 646 2161 quae
674 2099 769 2160 super
796 2079 928 2141 alienam
962 2099 1091 2140 cruorem
1116 2080 1240 2141 introire

148 2182 352 2263 presumpsit,
381 2191 410 2244 et
432 2182 507 2242 nihil
530 2183 558 2243 ei
581 2192 796 2262 conponatur,
825 2192 855 2244 et
876 2182 961 2243 faida
983 2202 1046 2242 riou
1067 2183 1240 2262 requiratur

149 2285 218 2369 pp.
241 2287 330 2349 nota.
356 2285 429 2350 ies.
444 2335 450 2350 .
464 2287 550 2350 ,100
573 2284 656 2368 aut

241 2389 270 2452 9.
320 2385 352 2446 Si
379 2386 489 2447 ancilla
518 2388 635 2448 lurtum
663 2387 786 2459 iecerit,
821 2393 977 2465 conponat
1007 2385 1152 2446 dominus
1182 2385 1241 2446 eius

29 2512 34 2524 ·
148 2488 251 2570 ipsum
272 2488 389 2549 furtum
412 2488 471 2550 sibi
492 2508 609 2549 nouum
631 2495 760 2552 tautum.
804 2488 884 2548 Nam
908 2487 1119 2567 quadragenta
1144 2488 1241 2560 solidi,

150 2591 232 2650 unde
254 2591 285 2650 in
307 2590 370 2650 hoc
385 2589 518 2650 edictum
535 2590 646 2670 legitur
669 2590 772 2672 [Ralla.
785 2591 855 2653 254.
867 2591 939 2654 258.
963 2592 1022 2669 cfr.
1034 2588 1244 2672 1101001171

151 2710 208 2770 pro
225 2690 325 2770 culpa,
350 2691 433 2769 quod
457 2699 503 2751 est
526 2691 646 2770 legang,
669 2709 732 2751 nou
747 2691 933 2771 requiratur,
957 2709 1058 2770 neque
1075 2700 1246 2772 exegantur

150 2811 169 2853 a
192 2791 318 2853 domiuo
341 2791 481 2879 ancillae.

152 3020 280 3101 ITEM
309 3018 570 3102 uAPlTvua
600 3019 744 3115 Qvou
773 3019 994 3100 ADDlDlT
1019 3020 1244 3103 DOleVS

467 3153 764 3236 ulvTPRuNT
794 3154 931 3235 REX.¹

151 3368 222 3433 398.
248 3366 315 3451 [1].²
338 3366 368 3426 Si
393 3365 459 3444 quis
482 3364 692 3444 langobardus
715 3364 781 3426 sine
809 3363 879 3425 filiis
905 3364 1082 3426 masculinis
1107 3373 1248 3428 mortuos

233 3468 335 3532 luerit.
441 3477 447 3482 ”

152 3574 222 3637 399,
248 3569 354 3654 [2].·Si
384 3569 451 3649 quis
480 3568 692 3649 langobardus
722 3585 756 3629 se
784 3566 909 3628 uiuente
935 3565 1016 3629 filias
1045 3587 1119 3630 suas
1148 3577 1250 3648 nupto

236 3672 415 3735 tradederit.

153 3859 172 3929 ¹)
192 3860 238 3913 Sic
264 3861 320 3913 cod.
347 3859 486 3913 Vaticanus
511 3854 593 3907 4614.
682 3852 702 3923 ²)
735 3855 814 3907 Varia
837 3852 925 3920 sorana
950 3854 1079 3907 indicibus
1110 3855 1147 3907 ad
1171 3854 1252 3908 1101-

150 3953 249 4019 prandi
267 3952 336 4019 tapes
353 3939 543 4019 pcrtinentibus
560 3949 622 4000 data
642 3950 682 3999 est
699 3949 727 3999 10
745 3945 818 3998 libris
837 3948 1032 4012 aaaausaa'ptis.
1060 3943 1251 4014 Antiquissima

152 4047 220 4095 caim
240 4057 272 4095 ea
289 4040 376 4108 fuisse
395 4041 510 4112 uidetur,
530 4044 559 4094 01
577 4039 738 4107 stapuloram
756 4052 887 4091 annorum
906 4036 1006 4104 lepidus
1025 4037 1123 4103 siupult
1141 4036 1252 4088 indiculi

142 4136 398 4200 praenetensium
425 4147 501 4202 paam
526 4136 612 4185 tamea
628 4128 744 4198 sormam
766 4129 839 4182 sotus
865 4129 950 4181 codes
971 4127 1110 4180 Parisinus
1130 4124 1202 4176 4614
1223 4131 1251 4180 ia

150 4226 208 4279 solo
235 4239 303 4277 0000
323 4223 399 4276 XVII
421 4225 541 4278 seruauit
547 4258 566 4290 ‚,
580 4225 618 4275 ita
637 4221 740 4290 quidem
747 4260 754 4289 ,
779 4223 809 4273 ut
827 4221 975 4287 praetulero
1003 4221 1133 4270 commum'
1161 4218 1250 4271 iudice
