2574 4710
460 353 626 419 EDICTVS
647 356 835 422 ROTHARI.
1177 363 1197 427 3

118 544 146 603 7.
170 541 201 601 Si
221 542 289 622 quis
310 548 418 604 contra
437 541 578 604 inimicos
597 543 797 622 pugnandum
816 541 966 623 collegam
989 563 1079 605 suum
1102 544 1198 605 dimi-

182 644 266 710 serit.

117 765 147 827 3.
171 763 202 823 Si
225 764 292 844 quis
315 765 347 825 in
371 761 501 825 concilio
524 764 574 827 uel
595 764 628 825 iu
645 763 783 844 quolibet
806 772 991 826 conuentum
1014 765 1196 828 scandalum

181 869 292 932 comm.

116 991 146 1052 9.
170 986 201 1046 Si
224 988 292 1067 quis
317 1005 543 1068 quemcumque
564 987 724 1048 hominem
747 987 787 1046 ad
810 1004 916 1067 regem
938 988 1143 1053 adcusauerit.

97 1090 146 1152 10.
170 1087 200 1148 si
225 1089 293 1169 quis
316 1090 413 1150 homo
436 1089 514 1149 liber
535 1089 567 1149 in
590 1088 715 1151 alterius
739 1095 840 1149 morte
863 1087 1080 1150 consiliouerit.

96 1191 146 1254 ll.
170 1190 201 1250 Si
224 1191 292 1271 quis
316 1191 355 1251 de
378 1191 508 1252 consilio
532 1190 651 1254 mortis

96 1293 145 1356 12,
170 1292 201 1352 Si
225 1293 286 1353 duo
310 1300 362 1354 aut
384 1293 517 1372 amplius
539 1291 684 1353 homines
705 1290 906 1352 homicidium
928 1292 1044 1357 fecerit.

96 1395 146 1458 13.
171 1393 201 1452 Si
225 1394 294 1474 quis
316 1394 519 1454 homicidium
543 1384 696 1456 absconse
716 1393 917 1472 perpetrauit.

97 1497 146 1559 14.
170 1495 202 1555 Si
225 1496 292 1575 quis
316 1496 476 1556 dominum
499 1516 589 1558 suum
610 1493 790 1559 hocciderit.

98 1599 147 1659 15.
170 1597 216 1656 De
238 1616 377 1676 rapuuor
398 1598 429 1657 id
451 1606 499 1661 est
519 1597 706 1678 sepulturea.

97 1699 146 1761 lo.
167 1698 214 1757 De
235 1699 376 1771 hairaub‚
398 1699 460 1760 hoc
482 1707 529 1762 est
551 1699 603 1780 qui
624 1697 785 1760 hominem
807 1706 964 1762 mortuum
986 1697 1148 1764 inuenerit.

97 1802 144 1863 17.
169 1799 200 1858 Si
223 1801 291 1880 quis
316 1820 354 1861 111
376 1801 491 1864 nostris
515 1803 554 1862 ad
576 1820 635 1862 nos
658 1800 756 1860 tenire
778 1798 921 1864 uoluerit.

177 1902 224 1961 De
245 1921 351 1982 regem
374 1904 549 1965 uenientem
573 1922 607 1964 se
629 1902 699 1966 iola.

98 2024 144 2087 19.
168 2021 200 2081 Si
224 2022 292 2101 quis
321 2041 380 2103 pro
406 2022 518 2084 iniuria
546 2042 602 2084 sua
629 2021 849 2082 uindicandam
876 2038 970 2100 super
999 2040 1195 2101 quocumque

179 2143 273 2183 mauu
296 2130 417 2184 armata
440 2142 515 2183 cum.
533 2131 607 2183 exer
626 2123 658 2183 iu
682 2127 753 2183 uiro.

94 2244 145 2306 20.
170 2241 201 2300 Si
225 2241 292 2320 quis
316 2242 355 2301 de
377 2241 593 2304 exercitalibus
615 2241 725 2302 ducem
748 2259 837 2301 suum
860 2242 1092 2321 contempserit.

95 2346 146 2406 21.
171 2342 202 2401 Si
226 2342 293 2421 quis
315 2342 347 2402 in
370 2342 507 2403 exercitu
529 2341 689 2402 ambulare
711 2342 942 2420 contempserit.

94 2446 144 2507 22.
168 2443 200 2502 Si
224 2444 292 2522 quis
316 2443 355 2504 de
376 2445 447 2525 ipso
470 2443 606 2505 exercitu
628 2443 738 2504 ducem
762 2462 851 2505 suum
874 2443 914 2504 ad
940 2441 1093 2504 iusticiam
1115 2461 1194 2504 cau-

179 2563 246 2605 sam
269 2547 519 2627 persequendam
542 2545 743 2626 denegauerit
763 2543 930 2619 solacium,
961 2566 1039 2607 unus
1063 2546 1194 2626 quisque

179 2657 269 2726 conp.
292 2646 357 2727 regi
380 2656 434 2709 aut
456 2648 525 2709 duci
547 2667 604 2709 suo
628 2647 685 2712 sol.
709 2647 782 2713 XX.

94 2768 142 2831 23.
168 2766 198 2825 Si
223 2767 289 2846 quis
313 2765 375 2826 dux
397 2767 594 2829 exercitalem
617 2787 707 2830 suum
731 2767 953 2831 molestauerit.

94 2869 143 2932 24.
167 2867 197 2928 Si
221 2869 288 2948 quis
312 2868 466 2929 castaldus
490 2870 686 2931 exercitalem
710 2889 810 2935 suum.

94 2972 143 3035 25.
167 2969 198 3028 Si
222 2971 289 3049 quis
312 2988 363 3028 res
387 2986 459 3028 suas
482 2971 520 3028 ah
545 2969 605 3030 alio
629 2971 765 3031 exercitu
788 2971 954 3051 quesierat.

94 3073 143 3136 26.
167 3071 198 3130 Si
222 3072 290 3151 quis
314 3067 434 3129 mulieri
456 3067 553 3126 libere
576 3076 629 3128 aut
649 3071 752 3147 puelle
772 3071 856 3133 uiam
880 3069 1080 3133 antesteterit.

94 3175 143 3235 27.
167 3171 198 3232 Si
222 3172 289 3250 quis
312 3170 411 3231 libero
434 3166 555 3228 homini
576 3165 660 3226 uiam
683 3171 883 3237 antesteterit.

93 3273 142 3337 28.
166 3273 199 3333 Si
222 3273 289 3352 quis
313 3292 405 3335 seruo
429 3268 531 3332 alieno
554 3274 607 3328 aut
629 3267 738 3327 ancille
760 3271 843 3330 uiam
866 3275 1065 3336 antesteterit.

94 3376 142 3440 29.
167 3374 199 3434 Si
230 3374 297 3454 quis
327 3391 429 3436 messe
458 3390 548 3434 suam
576 3376 629 3430 aut
654 3376 779 3448 pratum
807 3370 993 3435 uindicando
1021 3375 1073 3435 alii
1099 3382 1193 3436 ante-

177 3476 304 3540 steterit.

93 3597 143 3659 30.
164 3595 211 3654 De
234 3612 321 3654 mara
344 3592 458 3655 uforfin
481 3593 511 3653 id
535 3597 583 3654 est
604 3591 644 3650 de
666 3590 786 3652 cauallo
809 3588 985 3669 proiecerit.

92 3697 142 3760 31.
167 3696 199 3755 Si
222 3695 290 3775 quis
312 3693 431 3756 homiui
453 3694 552 3755 libero
574 3692 743 3754 uiolcncias
765 3690 882 3756 fecerit.

93 3799 143 3862 32.
166 3797 213 3857 Ι)1
224 3796 351 3857 homine
363 3796 462 3857 libero
479 3795 505 3858 si
520 3803 611 3856 nocte
626 3795 659 3856 iu
674 3803 759 3857 curte
775 3793 900 3856 alterius
916 3791 1074 3854 inuentum
1089 3793 1189 3856 luerit.

92 3901 142 3964 33.
167 3899 198 3960 si
222 3917 330 3960 seruus
352 3899 383 3959 in
407 3906 491 3959 curte
513 3896 639 3959 alterius
661 3897 692 3957 in
715 3904 806 3958 nocte
827 3895 970 3956 inuentus
992 3894 1094 3959 luerit.

92 4002 142 4065 34.
167 3999 197 4059 Si
221 4000 288 4079 quis
310 3999 341 4060 in
364 4008 449 4061 curte
472 3999 597 4061 alterius
619 3999 700 4060 irato
724 3999 828 4060 animo
853 3995 1052 4078 sagittauerit.

91 4103 141 4167 35.
165 4100 196 4162 Si
220 4102 288 4181 quis
310 4101 342 4162 in
365 4101 495 4162 ecclesia
518 4100 699 4163 scandalum
722 4099 921 4166 commiserit.

90 4205 140 4269 36.
164 4202 195 4264 Si
218 4203 286 4283 quis
308 4204 388 4265 intra
411 4202 566 4281 palacium
588 4201 768 4266 scandalum
793 4201 993 4267 commiserit.

956 4304 995 4368 1.
