2574 4710
125 312 181 426 Ι52
356 357 523 422 EDICTVS
545 356 724 421 actitant
745 358 828 425 CAP.
852 361 1029 426 252-259.

141 546 220 608 istos
243 544 358 626 uigenti
379 544 446 606 dics
469 562 579 606 seruus
602 550 655 604 aut
684 542 795 605 anciila
826 543 939 605 mortui
965 542 1081 604 fuerint
1108 550 1160 605 aut
1181 562 1236 623 pc-

140 646 256 708 culium
286 645 428 726 perierit,
458 655 512 707 aut
539 645 742 707 homicidium
771 655 825 707 aut
854 647 1003 707 damnum
1031 644 1153 718 iecerit,
1174 644 1236 724 ipse

143 747 195 829 qui
216 748 426 829 pignerauerit
447 747 478 808 in
501 767 591 808 suum
607 748 754 808 damnum
775 746 899 827 repotit,
923 757 953 807 ct
967 746 1098 827 proprio
1115 747 1235 809 domino
1282 812 1285 827 ¹

143 851 325 914 satisfaciat.
374 849 414 910 Et
443 848 468 910 si
498 867 592 928 super
620 857 743 910 centum
772 849 856 909 milia
885 849 965 910 inter
993 868 1029 910 sc
1056 848 1190 909 creditor
1210 858 1237 909 ct

144 953 266 1014 debitor
287 951 484 1035 habitauerit,
508 962 579 1012 tunc
594 969 693 1031 usque
709 951 871 1031 sexaginta
886 951 1007 1011 dierum
1023 950 1237 1030 spatia'poena
1281 938 1285 985 ³

142 1053 355 1134 suprascripta
378 1051 579 1117 custodiatur.
1163 1129 1166 1133 Ι

227 1158 300 1220 253.
342 1155 390 1214 De
411 1154 511 1219 furtis.
555 1154 587 1214 Si
610 1154 679 1233 quis
701 1153 780 1215 liber
801 1153 899 1214 homo
920 1153 1038 1214 furtum
1059 1152 1184 1225 fecerit,
1212 1161 1238 1215 et

143 1258 175 1318 in
195 1258 306 1342 {ipsum
335 1255 451 1317 furtum
479 1265 614 1334 temptas
637 1254 744 1327 fuerit,
773 1255 804 1315 id
828 1266 876 1318 est
896 1255 1048 1337 fegaugit‚
1080 1256 1239 1335 usquead

133 1360 252 1420 'decern
275 1358 427 1437 silequas‚
453 1357 569 1417 furtum
596 1355 698 1436 ipsum
721 1356 779 1419 sibi
806 1376 924 1419 nonum
950 1357 1076 1430 reddat,
1106 1365 1137 1418 ct
1165 1376 1240 1418 con-

144 1468 243 1540 ponat
263 1479 321 1539 pro
338 1458 392 1519 tali
407 1459 498 1538 culpa
521 1458 579 1523 sol.
602 1458 769 1539 octoginta,
793 1468 847 1521 aut
862 1459 985 1521 animae
1008 1478 1085 1520 suae
1108 1461 1238 1520 incurrat

144 1561 325 1642 periculum.
433 1592 437 1597 ¹

229 1664 300 1728 254.
345 1661 376 1722 Si
399 1667 508 1723 seruus
531 1661 648 1722 furtum
668 1662 786 1734 fecerit,
809 1670 840 1724 et
862 1670 964 1725 tentus
979 1662 1072 1723 fuerit
1093 1663 1125 1722 in
1144 1662 1243 1743 ipsum

145 1765 276 1837 furtum,
311 1783 410 1843 usque
443 1763 482 1823 ad
523 1764 632 1823 decem
664 1763 817 1844 seliquas,
851 1765 910 1826 sibi
940 1783 1056 1826 nonum
1085 1764 1243 1836 reddatur,

145 1877 276 1946 excepto
300 1874 458 1944 conponat
472 1884 531 1945 pro
547 1864 637 1944 culpa
653 1865 770 1928 solidos
786 1865 993 1947 quadraginta
1008 1876 1062 1928 aut
1076 1865 1245 1930 occidatur.

229 1971 300 2033 255.
345 1967 376 2027 Si
397 1967 468 2046 quis
483 1986 541 2047 per
555 1966 759 2046 proditorem,
780 1967 812 2027 id
835 1975 883 2028 est
904 1987 961 2047 per
983 1978 1102 2028 certum
1123 1967 1245 2028 indica-

146 2083 247 2133 torem
269 2069 383 2131 furtum
405 2068 567 2140 inuenerit,
590 2069 636 2130 sib
659 2089 776 2130 nonum
800 2069 853 2150 qui
874 2069 991 2131 turtum
1011 2069 1084 2130 fecit
1108 2069 1135 2129 ei
1152 2069 1245 2131 resti-

146 2182 222 2237 tuat.

230 2276 302 2339 256.
345 2271 379 2333 si
401 2291 511 2334 seruus
535 2273 609 2333 dum
629 2272 660 2332 in
682 2272 756 2351 fuga
779 2281 841 2344 est,
870 2272 987 2332 furtum
1015 2282 1068 2334 aut
1097 2273 1245 2333 damnum

147 2375 198 2436 alii
218 2375 336 2447 fecerit,
359 2383 391 2435 et
411 2374 442 2434 in
464 2373 533 2453 ipsa
554 2374 628 2454 fuga
650 2373 726 2434 foris
748 2372 912 2453 prouincia
927 2372 1108 2454 migrauerit
1131 2384 1164 2434 et
1185 2394 1247 2435 uon

147 2475 281 2550 redierit,
307 2489 377 2539 tunc
393 2475 537 2536 dominus
553 2475 636 2537 serui
653 2475 851 2538 medietatem
872 2495 930 2555 pro
953 2475 1054 2555 ipsam
1068 2494 1136 2535 rem
1153 2494 1246 2556 quam

147 2577 277 2648 iurauit,
312 2585 366 2639 aut
388 2577 536 2637 damnum
558 2577 585 2638 si
605 2576 693 2652 fecit,
727 2577 878 2639 restituat.
929 2577 1008 2638 Nam
1035 2577 1062 2639 si
1084 2596 1246 2657 regressus

146 2677 291 2741 fueritin
312 2686 500 2757 potestatem
517 2678 634 2739 domini
655 2678 712 2751 sui,
736 2689 807 2741 tunc
828 2680 867 2739 de
884 2688 1033 2758 quantum
1056 2678 1133 2750 tulit,
1158 2689 1249 2758 caput

149 2787 268 2841 tantum
296 2780 440 2841 dominus
469 2779 534 2841 eius
562 2781 592 2840 in
618 2780 772 2860 integrum
801 2781 926 2851 reddat,
957 2789 1100 2841 cessante
1127 2779 1161 2839 in
1188 2780 1248 2841 hoc

148 2880 283 2959 capitulo
305 2899 408 2959 poena
430 2881 512 2954 furti,
536 2901 574 2943 eo
598 2883 681 2962 quod
704 2882 735 2942 in
757 2882 830 2963 suga
852 2882 917 2946 fuit.

234 2985 305 3046 257.
350 2981 382 3042 Si
405 2981 515 3042 mulier
533 2983 631 3044 libera
646 2983 775 3044 fulcirea
791 3003 885 3063 super
900 2984 1013 3044 furtum
1029 2982 1249 3062 conprehensa

147 3082 254 3156 suerit,
276 3083 395 3143 furtum
418 3084 501 3163 quod
524 3085 644 3157 fecerit,
668 3085 725 3146 sibi
748 3105 864 3146 nonum
887 3093 1062 3164 conponat;
1091 3103 1165 3145 nam
1189 3083 1249 3144 alia

149 3184 272 3264 culpam
295 3204 358 3245 non
381 3185 573 3265 requiratur,
595 3206 654 3266 pro
677 3206 715 3248 eo
739 3188 823 3266 quod
845 3186 956 3247 iniuria
977 3204 1073 3264 passa
1095 3196 1163 3260 est3
1193 3185 1247 3246 sed

149 3285 258 3347 uitium
282 3306 372 3347 suum
394 3296 515 3366 reputet
538 3288 589 3367 qui
612 3307 709 3368 opera
731 3288 925 3349 indecentem
949 3287 1052 3347 facere
1076 3285 1248 3367 temptauit.

151 3387 222 3472 [cfr.
245 3389 336 3451 uota.
358 3390 431 3454 253.
477 3390 596 3470 Liutpr.
622 3389 702 3474 lid]

234 3491 306 3556 258.
350 3489 382 3551 Si
402 3489 509 3551 haldia
531 3500 584 3552 aut
606 3491 716 3552 ancilla
745 3510 839 3570 super
864 3490 980 3551 furtum
1005 3498 1121 3568 tempta
1143 3488 1246 3560 fuerit,

149 3598 307 3669 conponat
328 3590 471 3652 dominus
495 3610 604 3652 carum
625 3592 742 3654 furtum
762 3592 864 3672 ipsum
887 3590 945 3652 sibi
967 3609 1094 3661 nonum,
1117 3600 1248 3670 excepto

150 3709 209 3770 pro
233 3691 322 3770 eulpa
345 3692 465 3755 solidos
488 3694 703 3775 quadraginta.
727 3694 798 3778 [cfr.
823 3695 917 3758 Grim.
940 3691 980 3776 9·]

236 3795 307 3857 259.
351 3792 383 3853 Si
404 3793 483 3854 liber
504 3795 601 3856 homo
623 3814 755 3874 puerum
784 3806 837 3856 aut
864 3813 990 3856 seruum
1019 3813 1109 3855 suurn
1132 3794 1250 3856 furtum

151 3891 256 3952 facere
292 3891 416 3955 iusserit
446 3905 476 3956 et
504 3896 572 3975 ipsc
600 3896 700 3958 furtas
731 3900 874 3958 inuentus
903 3896 1009 3968 fuerit,
1042 3895 1102 3956 sibi
1130 3914 1250 3956 nonum

150 4003 318 4072 conponat,
342 4005 371 4056 at
392 3995 525 4058 alterum
541 4008 660 4060 tantum
681 3999 712 4058 in
735 4007 853 4060 curtem
874 3997 956 4077 regis
978 3996 1152 4077 persoluat,
1177 3995 1250 4076 quia

150 4095 352 4158 inhonestum
373 4116 443 4159 esse
457 4100 588 4160 uedetur
603 4110 634 4162 et
648 4099 723 4160 nulii
739 4099 784 4160 rei
798 4099 943 4161 conuenit
957 4098 1079 4170 rationi,
1102 4108 1135 4159 ut
1149 4098 1249 4160 homo

152 4196 230 4258 tiber
251 4217 285 4259 se
306 4198 338 4260 in
359 4197 473 4262 furtum
495 4202 609 4264 debeat
631 4201 761 4264 miscere
784 4210 836 4264 aut
859 4219 1046 4264 consensum
1066 4202 1210 4280 prebere.
