2574 4710
376 338 544 402 EDICTVS
564 337 742 401 Rornae!
765 339 848 406 CAP.
872 341 963 406 1-9.

208 525 284 606 Cap.
308 526 336 590 l.
381 524 412 585 Si
438 523 506 604 quis
534 523 697 584 hominum
725 531 832 585 contra
859 522 994 584 animam
1023 523 1105 604 regis
1133 523 1226 604 cogi·

45 622 67 641 *
123 626 236 690 tauerit
258 633 311 688 aut
333 624 555 698 consiliauerit,
580 625 702 687 animae
725 644 801 687 suae
822 624 959 687 incurrat
978 625 1168 705 periculum,
1196 631 1227 686 et

122 747 174 792 res
197 728 263 790 cius
284 727 474 792 infiscentur.

207 835 237 895 2.
282 829 313 891 Si
336 829 403 910 quis
426 848 495 890 cum
517 847 590 909 rege
612 829 651 888 de
673 836 774 889 morte
789 829 913 891 alterius
930 829 1147 902 conciliauerit,
1174 837 1228 891 ant

123 932 284 993 hominem
305 949 363 1011 per
384 931 479 1012 ipsius
506 929 676 992 iussionem
698 929 858 1003 occiderit,
887 931 918 991 in
941 931 1026 993 nullo
1050 932 1088 993 sit
1110 931 1226 1012 culpa-

124 1033 203 1108 bilis,
225 1053 283 1099 nec
302 1033 354 1093 ille
375 1051 433 1094 nec
454 1032 587 1093 heredes
616 1031 681 1092 eius
709 1050 835 1111 quoquo
864 1040 1007 1112 tempore
1034 1033 1147 1094 abillo
1173 1041 1228 1094 aut

123 1135 257 1197 heredes
272 1134 369 1215 ipsius
391 1122 624 1214 requisitionem
640 1140 693 1194 aut
708 1134 850 1196 molestia
865 1133 1017 1214 patiatur;
1041 1135 1113 1214 quia
1128 1141 1226 1214 post-

125 1256 220 1317 quam
249 1237 344 1298 corda
373 1253 482 1315 regum
503 1234 534 1296 in
561 1253 687 1296 manum
716 1235 765 1296 dei
791 1236 944 1297 credimus
975 1254 1061 1309 esse,
1089 1255 1153 1297 non
1179 1244 1228 1297 est

123 1337 273 1419 possibile
309 1345 342 1398 ut
381 1338 478 1399 homo
512 1338 614 1418 possit
652 1337 801 1398 eduniare
843 1357 936 1417 quem
981 1357 1038 1399 rex
1080 1339 1227 1399 occidere

123 1437 256 1504 iusserit.

209 1543 239 1606 3.
284 1540 315 1614 si
339 1540 406 1620 quis
428 1540 505 1601 soris
532 1540 692 1619 prouincia
718 1540 818 1621 fugire
843 1541 1027 1615 tlmtauerit,
1056 1543 1147 1603 morti
1171 1542 1227 1602 in-

126 1649 229 1704 currat
250 1641 429 1722 periculum,
453 1649 484 1703 et
504 1661 555 1703 res
578 1641 643 1703 eius
665 1640 854 1718 infiscentur.

108 1790 115 1805 .
209 1745 239 1809 4.
284 1743 315 1805 Si
338 1743 405 1824 quis
427 1742 568 1805 inimicus
589 1743 670 1804 intra
684 1744 844 1824 prouincia
859 1744 1035 1807 inuitauerit
1049 1752 1101 1806 aut
1119 1745 1226 1807 intro-

126 1844 261 1917 duxerit,
285 1845 408 1906 animae
435 1863 511 1907 suae
532 1843 668 1906 incurrat
689 1845 873 1925 periculum,
900 1854 931 1907 et
957 1865 1008 1909 res
1036 1847 1100 1908 eius
1128 1847 1226 1910 infis-

126 1955 242 2012 centur.

209 2051 238 2113 5.
283 2047 315 2109 δί
351 2048 418 2128 quis
451 2066 630 2110 eseamaras
663 2048 744 2110 intra
778 2048 939 2129 prouincia
973 2050 1140 2112 caelauerit
1169 2059 1223 2113 aut

126 2168 262 2212 anonam
285 2149 418 2223 dederit,
447 2150 570 2211 animae
592 2169 667 2234 suae
688 2150 824 2212 incurrat
845 2150 1030 2230 periculum,
1060 2159 1113 2213 aut
1141 2159 1225 2212 certe

126 2257 285 2331 conponat
305 2250 371 2332 regi
393 2251 531 2314 solidds¹
555 2251 771 2332 noningentos.

210 2355 240 2418 6.
293 2351 323 2414 si
357 2353 425 2433 quis
461 2353 537 2415 foris
576 2352 607 2413 in
646 2354 813 2415 exercitum
854 2355 1038 2416 seditionem
1073 2355 1225 2417 leuauerit

127 2464 236 2517 oontm
258 2455 368 2516 ducem
383 2475 473 2516 suum
496 2461 549 2515 aut
570 2461 678 2516 contra
700 2474 770 2515 eum
787 2455 838 2535 qui
860 2455 1022 2517 ordinatus
1045 2463 1092 2518 est
1115 2475 1223 2536 arege

127 2557 167 2617 ad
201 2556 369 2617 exercitum
397 2555 604 2636 gubernandi,
638 2563 690 2617 aut
719 2556 854 2637 aliquam
889 2564 1011 2637 partem
1048 2566 1224 2619 exercetum

127 2657 293 2730 seduxerit,
316 2657 473 2737 sanguinis
496 2656 543 2719 sui
564 2655 701 2719 incurrat
722 2657 902 2738 periculum.

211 2763 242 2826 7.
286 2757 317 2820 Si
347 2758 414 2838 quis
444 2765 552 2820 contra
581 2755 720 2819 inimicus
750 2760 917 2839 pugnando
951 2761 1105 2839 collegam
1135 2780 1225 2822 suum

127 2859 291 2933 dimiserit,
314 2866 367 2921 aut
389 2858 499 2921 astalin
521 2857 642 2931 fecerit,
669 2857 701 2919 id
724 2866 772 2921 est
793 2860 819 2921 si
842 2880 911 2921 eum
935 2861 1082 2941 diceperit
1104 2869 1135 2923 et
1156 2881 1227 2922 cum

128 2981 199 3023 enm
218 2980 283 3023 non
306 2960 505 3034 labcrauerit,
529 2960 651 3031 animae
674 2979 749 3022 suae
771 2960 909 3024 incurrat
929 2963 1109 3042 pericnlum.

210 3062 241 3128 8.
285 3061 317 3124 Si
340 3063 407 3142 quis
430 3063 461 3123 in
483 3061 636 3124 consilio²
652 3063 701 3123 uel
718 3063 857 3143 quolibet
870 3072 1025 3126 conuentu
1041 3065 1225 3127 scandalum

130 3148 317 3238 conmiserit,
339 3163 546 3244 noningentos
569 3163 688 3227 solidds
711 3164 751 3226 sit
771 3165 944 3246 culpabiles
966 3167 1042 3246 regi.

210 3268 240 3332 9.
285 3265 316 3326 δί
340 3265 408 3346 quis
432 3264 690 3346 qualemcumque
716 3265 877 3328 hominem
903 3267 943 3328 ad
969 3287 1076 3348 regem
1096 3267 1227 3329 incusa-

126 3367 206 3430 uerit
222 3369 307 3449 quod
322 3368 362 3429 ad
380 3365 506 3429 animae
519 3374 679 3448 perteneat
693 3367 874 3447 periculum,
890 3368 981 3430 liceat
1003 3369 1032 3430 ei
1060 3368 1114 3449 qui
1130 3388 1226 3431 accu-

127 3477 212 3532 satus
227 3469 328 3542 fuerit,
344 3486 414 3529 cum
430 3474 659 3530 sacramentum
675 3468 856 3533 satisfacere
871 3477 902 3532 et
916 3489 951 3532 se
966 3471 1124 3532 eduniare.
1146 3470 1185 3531 Et
1199 3471 1227 3532 si

126 3571 205 3633 tales
221 3590 315 3633 causa
331 3569 502 3644 emerserit,
525 3577 556 3632 et
576 3569 666 3633 adest
686 3570 783 3632 homo
803 3571 835 3631 in
849 3572 1007 3653 praesenti
1029 3573 1080 3652 qui
1107 3571 1224 3632 crimen

127 3673 235 3747 mittat,
256 3671 349 3734 liceat
363 3691 434 3735 eum
449 3690 507 3753 per
521 3670 718 3745 camfionem,
740 3672 772 3732 id
795 3683 843 3734 est
863 3692 921 3754 per
939 3692 1086 3755 pugnam,
1110 3673 1226 3735 crimen

126 3776 230 3857 ipsum
252 3776 407 3854 desuper
430 3793 481 3848 se,
505 3773 530 3836 si
552 3773 701 3855 potnerit,
724 3773 835 3839 eicere.
883 3775 922 3836 Et
950 3774 976 3838 si
1003 3775 1031 3836 ei
1057 3782 1225 3855 pronatum

126 3877 228 3951 luerit,
251 3884 304 3939 aut
325 3876 378 3937 det
400 3874 546 3949 animam,
570 3881 623 3937 aut
645 3874 777 3956 qualiter
796 3875 862 3957 regi
876 3876 1035 3956 placuerit,
1059 3883 1226 3956 conponat.

127 3979 166 4042 Et
187 3978 213 4042 si
234 3995 371 4061 prouare
385 3995 449 4038 non
464 3976 609 4057 potuerit,
633 3985 663 4039 et
685 3977 880 4058 cognescitur
896 3977 1025 4041 dolusae
1041 3977 1229 4050 adcusassit,

127 4205 147 4278 Ι)
168 4203 232 4261 cod.
251 4203 332 4274 Sanc.
349 4204 501 4274 plerumque
518 4202 597 4258 lutet
615 4201 665 4258 sol.
685 4203 730 4258 uel
746 4184 814 4256 roffi.
852 4201 872 4272 ²)
891 4203 936 4259 Sic
954 4201 1035 4273 Scap.
1052 4206 1079 4258 et
1095 4199 1206 4256 Herold.
